4022 6200
327 302 467 357 1013

1462 306 1653 362 ΞΕΟΓ.
1700 307 1764 361 ll.
1806 335 1874 345 ——
1918 303 2479 359 MARTYROLOGIA.

3451 307 3593 363 101-!

1610 416 1835 471 EDITIO
1873 413 2334 471 COLONIENSIS.

325 506 407 565 Ad
451 520 609 575 quem
659 520 893 574 praeses:
921 505 1067 562 Sicut
1098 506 1247 561 video
1270 544 1289 574 ,
1319 507 1505 576 inquit,
1538 507 1788 563 seductus
1817 523 1897 563 es.
1929 511 1979 568 Α
2007 522 2127 563 cum
2155 506 2315 561 sociis
2344 518 2551 558 eorum.
2600 501 2730 557 Item
2772 502 2954 558 Roma:
2996 503 3136 560 beati
3176 506 3427 561 Antonini
3456 522 3598 563 mar-

328 608 407 661 Ει
442 616 546 674 quo
578 615 777 668 prteses
805 599 1108 667 imperatori
1140 600 1425 655 Aureliano
1450 600 1790 667 renuntiavit,
1813 601 1904 670 qui

326 710 449 749 mox
484 694 657 763 perire
687 690 833 745 illum
858 691 1043 760 jubet;
1072 702 1126 746 et
1158 692 1227 745 ita
1261 702 1460 763 martyr
1492 690 1683 756 factus,
1712 692 1907 762 migra-

332 786 404 837 vit
433 782 499 838 ad
542 781 845 836 Dominum.
896 781 950 833 In
984 780 1246 850 llispaniis
1291 781 1572 849 Viueentii,
1602 780 1815 838 Juliani.
1849 782 1903 836 ln

328 874 576 931 Sardinia
606 884 909 927 sanctorum
940 872 1153 927 Luxurii
1180 883 1234 928 et
1259 873 1497 943 Trajani.

404 965 466 1019 C.
493 962 559 1016 ΧΙ
594 961 831 1016 Κλιεκο.
863 960 1127 1018 Serrana.
1168 960 1356 1019 Natale
1402 963 1573 1017 sancti
1617 962 1909 1029 Timmhei,

333 1056 423 1123 qui
467 1054 535 1109 ab
581 1052 863 1109 Antiochia
912 1054 1128 1108 veniens
1177 1053 1397 1108 Romam
1425 1094 1440 1121 ,
1470 1053 1567 1107 sub
1618 1053 1910 1108 Melcbiade

334 1163 470 1219 pana
517 1157 793 1215 susceptus
840 1153 921 1200 est
969 1145 1021 1199 in
1067 1146 1349 1212 hosttitinm
1378 1162 1405 1199 a
1436 1146 1707 1218 Sylvestro
1752 1161 1908 1216 papa,

334 1241 423 1310 qui
450 1250 628 1308 postea
674 1239 955 1308 episcopus
984 1237 1154 1293 factus
1185 1247 1285 1292 est.
1320 1238 1417 1305 Qui
1448 1254 1568 1293 eum
1601 1252 1797 1293 annum
1826 1249 1913 1293 to-

338 1342 447 1383 tum
470 1338 526 1383 et
550 1329 748 1398 aliquot
771 1342 980 1384 menses
1004 1329 1314 1396 praedicans,
1338 1330 1531 1384 multos
1551 1329 1615 1383 ad
1638 1328 1909 1384 Christum

334 1420 708 1488 convertisset,
740 1429 913 1475 tentus
954 1434 982 1473 a
1032 1418 1321 1487 Tarquinio
1364 1419 1509 1474 urbis
1556 1419 1828 1489 praefecto,
1859 1431 1913 1476 et

335 1513 491 1581 longa
541 1510 773 1566 carceris
818 1510 1056 1565 custodia
1104 1521 1434 1574 maceratus,
1463 1524 1581 1565 cum
1615 1510 1915 1565 sacrificare

338 1603 497 1657 idolis
524 1601 803 1666 noluisset,
829 1601 986 1654 tertio
1007 1615 1196 1663 caesus,
1216 1610 1268 1655 et
1288 1600 1611 1669 gravissimis
1642 1600 1915 1671 suppliciis

339 1702 649 1746 attrectatus
673 1732 687 1757 ,
720 1690 784 1745 ad
815 1690 1057 1745 ultimum
1102 1691 1419 1758 decollatus,
1446 1701 1498 1745 et
1525 1691 1671 1759 juxta
1703 1692 1912 1746 beatum

337 1784 554 1838 Paulum
581 1784 878 1852 apostolum
921 1784 1159 1853 sepultus
1184 1793 1284 1839 est.
1316 1783 1700 1856 Augustuduno
1740 1786 1914 1839 sancti

2015 599 2299 673 tyris;‘qui
2326 614 2445 654 cum
2476 606 2618 654 esset
2641 596 2898 662 carnifex,
2930 596 3062 653 vidit
3092 606 3321 653 stantem
3346 599 3597 666 juvenem

2017 710 2136 749 cum
2166 693 2409 762 spongia,
2441 700 2493 744 et
2519 690 2878 759 detergentem
2912 688 3074 744 latera
3117 699 3423 745 sanctorum
3452 708 3591 745 mar-

2017 791 2190 850 tyrum
2227 781 2460 843 Eusebii,
2493 779 2762 845 Pontiani,
2798 779 3069 849 Peregrini
3115 788 3275 848 atque
3306 781 3595 846 V’ineentii,

2013 887 2134 925 eum
2194 871 2436 939 suspensi
2487 870 2538 924 in
2588 870 2816 939 eqttuleo
2864 870 3242 936 cmderentur,
3294 870 3601 925 exclamare

2018 963 2176 1031 erepit
2204 981 2216 1015 :
2244 963 2376 1017 V'cre
2405 962 2543 1015 Deus
2570 970 2650 1016 est
2680 961 2924 1016 Christus
2944 1002 2958 1026 ,
2993 976 3147 1030 quem
3180 960 3231 1016 hi
3278 960 3599 1031 praedicant;

2017 1064 2075 1108 et
2101 1054 2308 1123 fugiens
2336 1052 2550 1108 occulte
2565 1069 2591 1105 a
2612 1052 2801 1107 Rufino
2831 1053 3142 1123 presbytero
3160 1053 3457 1122 baptizatus
3479 1063 3595 1120 est;

2018 1153 2072 1199 et
2102 1159 2347 1200 reversus
2376 1144 2440 1197 ad
2475 1144 2744 1197 Vitellium
2789 1159 2907 1197 cum
2949 1159 3007 1199 se
3044 1144 3401 1200 Christianum
3434 1146 3601 1200 libere

2021 1237 2293 1302 fateretur,
2340 1235 2551 1305 capitali
2599 1237 2859 1290 sententia
2909 1235 3211 1301 damnatus,
3244 1238 3326 1291 via
3380 1239 3601 1292 Aurelia

2022 1326 2261 1393 sepultus
2290 1336 2390 1381 est.
2422 1324 2619 1380 Eodem
2648 1325 2734 1381 die
2765 1334 2949 1380 octava
2982 1326 3371 1397 Assumptionis
3398 1338 3599 1383 sanctae

2024 1418 2221 1471 Mariae.

2094 1508 2153 1560 D.
2186 1507 2231 1561 X
2262 1506 2506 1561 Kauzxn.
2539 1506 2811 1563 Serrana.
2843 1506 3028 1562 Natale
3071 1517 3375 1563 sanctorum
3407 1518 3603 1581 marty-

2018 1614 2137 1654 rum
2190 1600 2410 1667 Donati,
2458 1598 2742 1664 Restituti,
2775 1599 3075 1664 Valeriani,
3107 1598 3438 1666 Fruetuosm,
3481 1616 3604 1655 eum

2019 1688 2139 1743 aliis
2185 1688 2467 1743 duodecim
2515 1687 2567 1742 in
2615 1688 2901 1742 Antiochia
2942 1690 3234 1744 coronatis.
3288 1691 3487 1744 Eodem
3520 1691 3606 1745 die

2021 1779 2158 1834 beati
2186 1778 2393 1832 Zachrei
2436 1778 2689 1847 episcopi,
2722 1778 2808 1847 qui
2841 1789 3061 1847 qnartus
3093 1795 3122 1833 a
3151 1779 3349 1834 Jacobo
3381 1780 3602 1835 .leroso-

338 1876 714 1944 samphorgani,
746 1876 832 1944 qui
865 1884 1103 1945 tempore
1129 1876 1398 1931 Aul-etiam
1446 1878 1780 1947 imperatoris
1811 1880 1910 1933 sub
1944 1881 1988 1941 Β
2016 1870 2279 1940 Iyutorum
2317 1871 2453 1923 rexit
2497 1869 2807 1922 Ecelesiam.
2865 1869 3103 1939 Lugduni
3130 1879 3433 1924 Sanctorum
3467 1887 3605 1925 mar-

340 1968 582 2023 lleraclio
636 1968 944 2034 consulari,
976 1984 1096 2023 eum
1143 1969 1298 2023 idolis
1353 1966 1677 2025 sacrificare'
1711 1970 1911 2037 nollet,

338 2061 509 2127 primo
553 2059 859 2115 verberibus
900 2059 1177 2126 afflictum,
1230 2060 1420 2114 deinde
1460 2060 1661 2115 carceri
1712 2058 1914 2115 manci-

336 2158 540 2219 patum,
565 2150 629 2203 ad
656 2150 898 2204 ultimum
939 2149 1179 2204 abscisso
1217 2149 1392 2217 capite
1428 2150 1684 2220 martyrio
1715 2148 1911 2205 eﬂ‘ecit.

337 2239 395 2293 lu
429 2249 582 2308 portu
631 2240 892 2304 Romano,
920 2248 1221 2294 sanctorum
1253 2241 1657 2311 peregrinorum
1702 2247 1917 2307 marty-

339 2347 479 2396 rum,
510 2332 782 2399 Martialis,
812 2331 1055 2401 Epicteti,
1080 2331 1376 2399 Saturnini,
1402 2331 1597 2402 Aprilis
1620 2342 1673 2386 et
1699 2329 1912 2394 Felicis,

2021 1971 2193 2032 tyrnm
2233 1959 2455 2015 Minervi
2500 1967 2555 2014 et
2589 1959 2828 2013 Eleazari
2858 1975 2977 2013 eum
3012 1960 3133 2013 filiis
3177 1974 3319 2014 octo.
3354 1960 3409 2014 In
3441 1970 3597 2029 portu

2019 2052 2166 2108 urbis
2193 2051 2377 2106 Romae
2404 2059 2707 2105 sanctorum
2738 2049 3026 2121 Hippolyti,
3051 2050 3281 2116 Quiriaci
3304 2060 3356 2106 et
3386 2050 3598 2106 Archil-

2018 2143 2105 2199 lai.
2138 2143 2320 2198 Remis
2349 2143 2584 2209 civitate,
2618 2151 2925 2197 sanctorum
2954 2143 3218 2198 Timothei
3250 2152 3305 2199 et
3333 2144 3602 2208 Apollina-

2017 2233 2112 2299 ris,
2144 2232 2235 2304 qui
2263 2231 2455 2286 ibidem
2486 2232 2812 2303 martyrizati
2844 2241 2986 2286 sunt.
3013 2232 3067 2286 ln
3099 2232 3416 2287 Alexandria
3455 2231 3596 2287 beati

2022 2326 2252 2381 'I'beonte
2280 2324 2622 2381 venerabilis.
2654 2324 2839 2380 Passio
2867 2325 3022 2379 trium
3057 2324 3276 2379 fratrum
3307 2325 3358 2379 in
3382 2326 3597 2381 civitate

1610 2445 1834 2500 EDITIO
1870 2440 2362 2498 BOLLANDIANA.

342 2543 528 2598 leriani
584 2551 639 2596 et
664 2541 870 2597 Calieni
902 2543 1249 2611 temporibus,
1303 2557 1425 2597 eum
1465 2552 1607 2598 esset
1635 2543 1913 2611 episcopus

335 2634 731 2698 llinatensium,
756 2634 825 2688 ob
846 2643 1045 2689 sanctae
1074 2634 1198 2690 ﬁdei
1226 2635 1635 2700 confessionem,
1664 2650 1692 2689 a
1720 2634 1910 2691 barba-

335 2728 408 2780 ris
429 2724 602 2793 ﬂagris
626 2733 680 2779 et
709 2724 1005 2779 ustionibus
1032 2724 1258 2781 afflictus
1285 2736 1491 2796 tempus
1514 2727 1834 2782 terminavit.

407 2817 463 2869 Β.
496 2815 554 2870 C.
584 2813 651 2868 ν.
704 2814 789 2875 L.,
827 2814 879 2866 In
913 2814 1160 2877 Hispania
1192 2814 1313 2870 Julii
1354 2824 1406 2869 et
1453 2815 1667 2871 Juliani.
1718 2815 1778 2871 C.
1817 2817 1902 2882 V.,

334 2884 622 2944 Vitteentii,
659 2883 871 2951 Augurii
912 2896 963 2938 et
996 2884 1290 2941 Fructuosi.
1332 2886 1413 2949 B.,
1445 2885 1499 2939 in
1530 2886 1770 2941 Sardinia
1812 2903 1906 2940 na-

337 2956 438 3026 tale
466 2954 564 3026 SS.
599 2963 622 2991 ⁸
660 2954 901 3026 Luxurji,
932 2954 1169 3026 Trajani,
1201 2955 1449 3026 Quadrati
1479 2957 1733 3024 episcopi.
1766 2958 1908 3026 Syn-

333 3024 555 3092 dnfagize
585 3025 760 3077 natale
788 3024 884 3078 SS.
914 3025 1128 3090 Artosii,
1157 3024 1446 3088 Diomedis,
1478 3026 1671 3081 Zotici.
1697 3028 1760 3081 Et
1785 3024 1908 3083 alibi

334 3095 523 3147 Privati
548 3093 815 3162 martyris.
849 3094 888 3145 D
918 3136 933 3159 ,
950 3093 1005 3147 In
1028 3093 1322 3149 Territorio
1343 3096 1569 3150 civitatis
1587 3098 1909 3154 Gavalitana:

332 3165 523 3235 Privati
550 3163 1180 3235 episc0pi__et_tnartyris.
1211 3168 1276 3219 A.
1311 3166 1397 3228 Τ..
1434 3167 1488 3219 ln
1522 3167 1786 3235 Hispaniis
1816 3186 1908 3224 na-

329 3236 433 3288 tale
460 3234 519 3289 S.
553 3233 837 3288 Vincentii.
874 3231 1073 3288 Eodem
1100 3235 1186 3289 die
1215 3236 1432 3291 Juliani.
1460 3236 1547 3303 T.,
1575 3231 1781 3294 Colodi.

394 3328 482 3384 Ἡ.
506 3327 666 3382 -ΧΙ
697 3326 830 3382 ΚΑΙ..
861 3328 1043 3383 Natale
1072 3329 1130 3383 S.
1164 3328 1189 3367 ι’
1223 3331 1511 3395 Timothei,
1561 3332 1649 3401 qui
1700 3333 1768 3387 ab
1798 3335 1907 3388 An-

327 3419 520 3473 tiochia
543 3418 758 3473 veniens
783 3419 1028 3495 Romam,
1058 3420 1157 3474 sub
1186 3421 1415 3476 Miltiade
1442 3438 1598 3492 papa,
1624 3436 1902 3494 susceptus

327 3517 410 3561 est
431 3508 482 3561 in
510 3506 795 3573 hospitium
825 3523 853 3561 a
883 3507 936 3563 S.
972 3508 1267 3579 Sylvestro,
1298 3512 1383 3579 qui
1420 3520 1597 3580 postea
1622 3515 1903 3583 episcopus

328 3601 499 3654 factus
536 3608 638 3654 est.
670 3599 955 3669 (Hactenus
982 3601 1071 3671 A.)
1104 3601 1201 3670 Qui
1254 3618 1372 3657 cum
1427 3614 1593 3659 totum
1623 3621 1819 3662 annum
1850 3616 1905 3663 et

326 3691 526 3757 aliquot
580 3705 790 3747 menses
835 3692 906 3746 ibi
952 3693 1250 3761 praedicans
1282 3694 1475 3751 multos
1512 3696 1578 3751 ad
1628 3697 1896 3755 Christum

325 3783 700 3847 eont‘ertisset,
759 3792 935 3838 tentus
987 3799 1016 3836 a
1061 3784 1348 3855 Tarquinio
1375 3787 1519 3842 urbis
1549 3789 1815 3859 praefecto,
1847 3801 1901 3846 et

328 3874 483 3940 longa
535 3877 767 3929 carceris
819 3877 1056 3930 custodia
1090 3887 1406 3944 maceratus,
1439 3894 1558 3933 eum
1600 3880 1902 3938 sacriﬁcare

328 3963 485 4018 idolis
512 3966 788 4031 noluisset,
820 3967 974 4022 tertio
1000 3982 1170 4023 cmsus
1195 3977 1248 4024 et
1272 3971 1600 4038 gravissimis
1629 3974 1902 4042 suppliciis

2021 2545 2351 2601 attrectattts,
2382 2535 2447 2590 ad
2473 2535 2717 2593 ultimum
2752 2538 3041 2594 decollatus
3080 2549 3179 2606 est,
3212 2550 3267 2596 et
3288 2540 3437 2611 juxta
3468 2541 3597 2599 bea-

2022 2640 2131 2683 tum
2159 2630 2458 2700 apostolum
2506 2631 2725 2685 Paulum
2769 2633 3027 2702 sepultus.
3054 2633 3320 2705 Scriptum
3350 2637 3403 2690 in
3427 2635 3593 2693 histo-

2016 2722 2093 2774 ria
2126 2719 2182 2776 S.
2212 2718 2491 2789 Sylvestri.
2544 2720 2742 2776 Eodem
2783 2721 2869 2777 die
2894 2724 3067 2779 natale
3110 2723 3168 2780 S.
3219 2725 3594 2796 Symphoriaui

2014 2810 2283 2879 martyris.

2088 2899 2275 2955 Florus
2297 2900 2349 2955 in
2380 2902 2444 2955 A.
2476 2902 2539 2955 T.
2571 2902 2656 2969 L.,
2690 2913 2981 2969 prrenotato
3008 2903 3390 2974 Augustoduno
3409 2907 3588 2963 addit:

2014 2990 2113 3056 Qui
2145 3000 2383 3061 tempore
2414 2993 2683 3048 Aureliani
2708 2995 3042 3064 imperatoris
3063 2996 3129 3050 ab
3158 2997 3364 3053 Eraclio
3393 3014 3591 3055 consu-

2013 3080 2107 3135 lari
2131 3084 2569 3152 eomprehensus,
2591 3084 2711 3154 quia
2735 3096 2961 3140 statuam
2994 3086 3341 3145 Berecinthire
3362 3090 3587 3147 adorare

2013 3174 2185 3229 noluit
2213 3189 2384 3231 erasus
2429 3184 2483 3231 et
2527 3176 2729 3232 carceri
2786 3186 2869 3232 est
2912 3181 3264 3248 mancipatus,
3292 3182 3590 3253 ductusque

1932 3265 1977 3326 C
2011 3276 2158 3321 extra
2189 3281 2397 3320 murum
2422 3281 2450 3320 a
2474 3274 2814 3336 persecutore
2836 3280 2914 3322 est
2941 3277 3257 3337 prostratus.

2082 3358 2167 3423 γη
2201 3359 2266 3413 Ει
2314 3359 2371 3414 S.
2404 3368 2426 3398 ο
2461 3358 2653 3428 Ypoliti
2684 3360 2734 3413 in
2768 3370 2945 3425 portu.
2996 3363 3059 3416 Et
3100 3364 3224 3417 alibi
3257 3364 3511 3420 Martialis
3538 3374 3594 3420 et

2010 3430 2196 3482 Aurea:
2228 3431 2278 3482 in
2310 3431 2527 3483 civitate
2562 3430 2729 3484 Ostia.
2759 3428 2843 3493 L.,
2872 3431 2989 3497 Ipso
3010 3433 3097 3487 die
3119 3433 3174 3488 S.
3202 3430 3227 3470 ἀ
3253 3436 3418 3489 Mauri
3452 3451 3591 3489 mar-

2008 3500 2139 3567 tyris
2166 3514 2283 3551 cum
2316 3500 2475 3552 sociis
2505 3501 2636 3552 suis.
2671 3500 2753 3563 8.,
2790 3501 2842 3554 In
2872 3502 3149 3555 Antiochia
3176 3506 3349 3558 natale
3380 3505 3587 3558 Marini.

2008 3568 2062 3621 In
2092 3568 2260 3621 Gallia
2283 3569 2495 3622 civitate
2521 3569 2901 3635 Augustoduno
2940 3573 3117 3627 natale
3146 3574 3246 3629 SS.
3272 3573 3503 3629 Medardi
3533 3585 3587 3631 et

2008 3638 2250 3691 Emiliani
2271 3652 2391 3692 cutn
2425 3638 2546 3691 (iliis
2568 3640 2678 3692 suis
2706 3648 2845 3693 octo,

2074 3727 2162 3782 25.
2186 3757 2250 3767 --
2270 3728 2316 3782 Χ
2347 3727 2479 3783 Kac.
2509 3727 2674 3783 Vacat
2704 3729 2879 3783 Baeda.

2078 3816 2265 3872 Florus
2296 3820 2348 3872 in
2380 3822 2447 3873 A.
2473 3819 2533 3872 T.
2581 3819 2665 3883 L.,
2713 3820 2767 3874 ln
2799 3820 3037 3890 Aquileia
3069 3822 3241 3877 natale
3267 3824 3361 3879 SS.
3398 3824 3588 3880 Fortu-

2010 3909 2116 3962 nati
2145 3920 2197 3963 et
2230 3910 2543 3980 Ermogcnis
2573 3921 2628 3966 et
2660 3912 2938 3967 Martialis.
2983 3914 3048 3968 Et
3073 3913 3123 3966 in
3154 3916 3367 3972 civitate
3417 3917 3586 3989 Egeas

2010 4002 2186 4068 passio
2217 4000 2314 4057 SS.
2352 4011 2374 4040 ο
2406 4000 2634 4070 Claudii,
2676 4005 2896 4071 Asterii,
2921 4004 3147 4062 Neonis:
3190 4011 3277 4079 qui
3309 4010 3407 4065 sub
3431 4009 3585 4081 Lysia

1746 4086 1948 4141 SMITII
1990 4089 2213 4146 NOTAE.

401 4177 430 4243 ξ
463 4166 825 4243 Lttxgrii._Qui
856 4182 985 4243 eum_
1016 4167 1219 4243 (ξίςεῐιρΔ
1240 4179 1288 4225 ει
1320 4170 1603 4226 Camerino
1635 4176 1684 4227 in
1722 4191 1898 4243 persc-

329 4239 541 4312 eutione
572 4236 879 4312 Diocletiani
906 4239 1006 4293 sub
1034 4240 1259 4312 Delphio
1306 4244 1527 4307 praeside
1572 4236 1747 4312 gladio
1773 4249 1895 4301 cmsi

330 4317 469 4363 sunt.
490 4307 743 4360 Baronius
760 4309 810 4359 in
833 4307 983 4362 Mart.
1003 4307 1341 4375 ——Trajanus
1355 4313 1511 4364 etiam
1528 4307 1645 4366 cum
1668 4315 1899 4370 Luxurio

2004 4182 2191 4236 cltiade
2245 4197 2405 4260 papa,
2439 4198 2784 4260 nequaquam
2822 4189 2993 4255 aptari
3020 4200 3201 4260 potest
3232 4194 3452 4260 tempori
3484 4193 3585 4259 illi,

2005 4266 2111 4318 quo
2142 4264 2260 4320 post

2007 4332 2170 4375 Caret.

2339 4254 2577 4309 arcellini
2608 4254 2970 4324 pontificatum
3017 4258 3252 4314 Romana
3300 4254 3456 4318 sedes
3499 4254 3589 4318 va;

332 4394 517 4466 paSsus
548 4387 649 4442 eet,
681 4379 723 4466 si
758 4381 1209 4466 nostronaueltori,
1258 4380 1487 4461 Notkero
1534 4393 1587 4466 et
1628 4384 1895 4466 hlartyrol.
1936 4399 1985 4457 ι)
2083 4403 2105 4466 c_
2133 4392 2340 4466 {politi
2365 4394 2444 4466 _De
2467 4392 2566 4466 hoc
2592 4394 2713 4466 vide
2741 4394 2878 4449 diem
2897 4408 3227 4466 sequentem.

336 4450 553 4502 Ilieron.
585 4447 811 4501 credas:
857 4458 909 4501 et
938 4448 1237 4515 Quadratus
1261 4451 1405 4517 juxta
1442 4461 1675 4506 nostrum
1709 4447 1903 4512 el'llie-

332 4531 633 4591 ronytnum.
665 4517 918 4591 Daronius
948 4521 997 4591 in
1031 4521 1168 4573 notis
1199 4521 1380 4573 scribit
1404 4522 1542 4576 hunc
1564 4526 1678 4578 sine
1700 4528 1902 4591 episco-

334 4598 485 4650 patus
513 4587 611 4665 loci
645 4587 812 4665 titulo,
833 4596 936 4665 tam
962 4589 1014 4642 in
1042 4591 1203 4642 veteri
1240 4591 1479 4665 Romano
1510 4587 1901 4665 Martyrologio,

329 4673 487 4731 quam
520 4658 569 4709 in
602 4667 707 4731 vet.
736 4657 859 4711 Mss.
895 4657 1156 4731 hactenus
1207 4662 1430 4727 positum
1487 4657 1706 4731 reperiri
1737 4682 1750 4729 ;
1796 4657 1906 4722 inec

332 4729 576 4801 aliqnenr
606 4726 819 4801 docure,
864 4730 1071 4781 cuinam
1119 4726 1375 4783 Ecelesite
1398 4726 1558 4786 fuerit
1598 4726 1898 4801 pra-fectus.

332 4799 519 4877 Petrus
546 4797 613 4877 de
640 4796 811 4877 δέδιθι.
860 4801 997 4852 ltunc
1035 4801 1278 4854 eumdem
1308 4812 1512 4871 censet,
1540 4796 1658 4858 eum
1711 4821 1775 4860 eo
1815 4809 1903 4877 qui

325 4868 521 4923 colitur
546 4864 616 4918 2'5
640 4867 777 4919 Maii.

403 4936 429 4974 ιι
460 4935 725 4988 Timothei.
780 4937 1113 5013 Hic_t_tass_u_s
1137 4949 1217 4994 est
1260 4955 1357 4995 nec
1408 4955 1525 5005 post
1552 4960 1745 4999 annum
1776 4947 1900 5013 512,

329 5022 427 5081 nec
469 5018 616 5081 ante_
640 5021 834 5060 annum
887 5008 1012 5081 5H).
1046 5010 1173 5062 Nam
1213 5015 1336 5063 ante
1375 5026 1570 5066 annum
1612 5014 1735 5081 510,
1778 5008 1905 5071 Mel;

332 5076 550 5152 cltiades
583 5074 763 5152 Romae
806 5078 1162 5152 pontificatum
1196 5096 1297 5134 non
1324 5083 1509 5150 gessit,
1535 5094 1586 5137 et
1613 5074 1752 5139 anno
1780 5088 1904 5152 512,

332 5156 453 5222 post
504 5144 770 5222 interitum
816 5148 1083 5215 Maxentii,
1128 5144 1527 5222 gottsttthtinus,
1556 5158 1641 5222 qui
1677 5157 1724 5207 irt
1755 5144 1903 5210 Occi;

330 5218 493 5270 dente
543 5217 852 5281 imperabat,
904 5232 1085 5285 pacem
1130 5220 1378 5276 Ecclesia:
1425 5217 1675 5277 restituit.
1723 5225 1905 5283 Petrus

331 5286 489 5355 igitur
504 5287 585 5360 _de
614 5286 785 5360 Natal.
819 5289 885 5341 de
914 5289 1193 5343 Timotheo
1220 5307 1403 5360 agens,
1453 5306 1635 5347 errare
1688 5297 1905 5352 omnino

328 5354 679 5422 coaspieitnr,
732 5358 857 5427 dum
903 5372 1021 5412 eum
1053 5360 1214 5414 refert
1245 5354 1453 5427 passum
1488 5363 1585 5416 sub
1628 5364 1904 5421 Valeriano

332 5427 463 5491 imp.
512 5438 658 5504 εαξη.
685 5425 827 5504 nihil
878 5443 1161 5504 commune
1196 5425 1383 5486 habeat
1416 5431 1721 5487 Valerianus
1773 5437 1900 5504 imp.

327 5512 343 5545 t
365 5511 451 5546 utu
480 5494 798 5568 _Melchiade
850 5513 1002 5565 papa,
1049 5501 1199 5565 cujus
1255 5510 1493 5568 tempore
1526 5505 1665 5556 hunc
1695 5494 1901 5568 passum

327 5579 450 5616 esse
479 5565 616 5618 idem
650 5566 758 5643 ipse
782 5576 859 5621 tes
885 5581 1021 5643 atur.
1054 5570 1156 5643 Sed
1199 5580 1248 5623 et
1290 5565 1405 5641 ejus
1447 5565 1756 5643 martyrium
1788 5592 1893 5643 per.

333 5649 535 5707 perant
549 5634 761 5699 ponitur
789 5639 924 5703 apud
953 5634 1336 5707 tuspiuiannni
1383 5643 1481 5695 sub
1533 5634 1683 5698 δέκιο
1713 5634 1902 5699 consu-

330 5706 438 5756 latn
496 5703 827 5772 Constantii;
880 5723 999 5761 natu
1032 5703 1149 5763 eum
1184 5726 1365 5779 passus
1419 5714 1484 5767 sit
1517 5714 1731 5771 sedente
1776 5716 1901 5772 Mcl-

2082 4459 2107 4498 ἀ
2140 4463 2332 4536 Mauri.
2364 4464 2508 4536 Passi
2540 4464 2757 4519 Bhemis
2786 4459 3002 4523 civitate
3022 4468 3341 4536 Galliathr;
3365 4486 3391 4520 a
3419 4471 3584 4525 Roma

2006 4548 2125 4608 eum
2158 4534 2226 4608 BL
2250 4533 2530 4608 Timotheo
2563 4536 2796 4608 Rhetnos
2848 4539 3085 4603 veniens,
3135 4533 3411 4608 postquam
3468 4556 3587 4594 ver-

2007 4603 2129 4676 bum
2194 4603 2289 4676 Dei
2325 4605 2549 4676 ibidem
2626 4606 2982 4661 dissetninans
3040 4603 3403 4676 Apollinarem
3464 4628 3582 4665 runt

2006 4673 2126 4727 aliis
2182 4675 2419 4741 pluribus
2475 4676 2795 4743 baptizasset
2829 4718 2844 4738 ,
2902 4696 2928 4728 a
2987 4673 3274 4745 Lampadio
3334 4680 3587 4745 praefecto

2005 4759 2125 4796 cum
2180 4748 2339 4799 sociis
2395 4748 2591 4799 sanctis
2647 4760 2784 4814 quos
2840 4749 3198 4816 baptizaverat
3230 4790 3244 4813 ,
3292 4751 3584 4806 dcc-illatus

2006 4822 2106 4867 est.

2082 4886 2104 4913 θ
2131 4882 2359 4938 Claudii.
2391 4886 2559 4958 Quem
2588 4899 2788 4953 prreses
2810 4887 2963 4956 jussit
2996 4890 3165 4955 primo
3223 4892 3383 4958 virgis
3430 4892 3585 4952 credi,

2009 4964 2186 5026 postea
2222 4957 2273 5026 in
2301 4956 2527 5026 equuleo
2549 4958 2803 5026 suspendi
2846 4967 2899 5011 ct
2936 4959 3050 5026 ejus
3083 4956 3591 5026 pedibus'llatnmas

2006 5023 2300 5098 admoveri,
2338 5025 2621 5098 particulas
2643 5041 2851 5094 quoque
2874 5043 2937 5082 ex
2958 5023 3364 5092 ejtts'ealcaueis
3391 5036 3579 5098 praeci-

2005 5093 2195 5168 sas__illi
2225 5093 2653 5168 olferri,u‘ngulis
2671 5093 2873 5168 vexari,
2906 5100 3055 5151 testis
3084 5093 3585 5168 asperrimis-latera

2008 5163 2159 5237 radi,_
2193 5175 2248 5218 et
2300 5165 2549 5217 candelas
2591 5165 2842 5237 ardentes
2896 5163 3173 5237 applicari.
3231 5174 3470 5226 Asterius
3527 5175 3585 5227 in

2005 5234 2229 5311 equuleo
2268 5243 2572 5311 torquetur,
2617 5236 2786 5311 pedes
2835 5234 3224 5311 ejns‘uruntur,
3258 5258 3452 5311 corpus
3486 5244 3584 5296 int-

2007 5304 2235 5377 ntaniter
2264 5304 2582 5377 tlagellatur.
2615 5305 2776 5377 Neoni
2810 5304 2986 5363 cervix
3021 5304 3297 5377 frangitur,
3321 5304 3579 5368 carbones

2005 5374 2333 5451 ardentes,_~itt
2363 5389 2485 5451 eunt
2517 5375 2895 5451 conjiciuntur,
2940 5390 2992 5434 et
3023 5374 3198 5435 nervis
3221 5374 3434 5437 dorsum
3462 5384 3585 5451 ejus

2006 5440 2384 5517 conscinditur.
2418 5440 3008 5517 Omnes‘denique'trcs
3053 5452 3241 5506 fratres
3289 5455 3429 5507 cruci
3459 5440 3577 5506 affi-

2005 5514 2515 5589 EUIIIIII‘LAIDDI-llls
2544 5514 2797 5589 Donviua'
2828 5529 2880 5572 et
2922 5521 3193 5575 Theunilla
3227 5537 3393 5588 passae
3432 5535 3577 5589 sunt,

2006 5580 2158 5635 (loss.
2196 5582 2524 5639 Diocletiano
2554 5586 2595 5639 ll
2628 5597 2679 5642 et
2712 5590 3047 5644 Aristobulo“:
3083 5594 3173 5645 Est
3225 5580 3309 5645 ltic
3356 5609 3523 5647 annus
3550 5580 3583 5645 ὦ

2006 5653 2217 5708 tlltristo
2242 5655 2529 5711 secundum
2561 5659 2823 5715 veriorem
2856 5665 3276 5729 supputationem
3308 5664 3430 5721 285.
