4054 6190
399 308 531 367 LM?

1530 316 1715 373 SECT.
1763 317 1826 373 II.
1871 347 1935 357 ——
1976 317 2533 375 MARTYROLOGIA.

3523 325 3660 383 1018

1671 431 1897 486 EDITIO
1938 431 2405 489 COLONIENSIS.

463 514 522 569 F.
570 515 678 571 VIII
719 517 955 573 KALEND.
999 518 1266 575 Sarranis.
1311 519 1490 576 Passio
1525 521 1738 575 Genesii
1770 533 1974 593 niarty-
2005 527 2053 583 Α
2083 538 2199 577 rttm
2227 565 2241 588 ,
2287 523 2521 589 Eusebii,
2555 523 2818 590 Pontiani,
2864 524 3133 592 Peregrini
3162 535 3215 581 et
3248 526 3530 592 Vincentii,
3559 530 3659 583 im-

393 607 487 676 ris,
521 609 619 661 sob
664 608 989 666 Diocletiano
1040 614 1397 682 imperatore,
1458 612 1547 681 qui
1596 613 1694 667 fuit
1742 612 1969 681 primum

392 702 491 752 sub
536 699 838 768 gentilitate
885 704 1105 765 mimus,
1154 705 1450 775 thymelica:
1493 706 1627 759 artis
1676 705 1969 775 magister;

390 790 484 843 sed
516 802 697 859 postea
738 790 940 847 Christi
986 795 1264 849 eoiifessor
1292 796 1479 861 factus,
1534 796 1709 850 modis
1736 798 1914 850 multis
1940 811 1969 851 a

392 884 823 948 persecutoribus
870 894 951 938 est
981 885 1274 949 cruciatus,
1311 887 1412 940 hoc
1456 897 1556 951 est,
1608 885 1837 941 fusribus
1865 903 1970 941 cre—

390 985 503 1035 sus,
533 973 759 1040 equuleo
794 988 1103 1036 SIISpeIISUS,
1137 974 1363 1027 ﬂammis
1394 975 1638 1041 adustus,
1674 977 1969 1030 novissime

390 1061 710 1117 decollatus.
744 1062 928 1116 Romae
971 1067 1148 1119 natale
1175 1076 1479 1119 sanctorum
1512 1077 1739 1135 quatuor
1772 1079 1968 1138 marty-

2083 627 2295 682 perante
2324 614 2637 681 Commodo,
2668 615 2878 670 Vitellio
2915 615 3135 685 judice:
3176 619 3264 686 qui
3314 618 3539 685 primum
3574 619 3655 675 le-

2081 706 2183 758 vati
2216 705 2269 757 in
2295 706 2543 773 equoleo,
2572 720 2634 761 ac
2663 706 2843 760 nervis
2872 706 3115 774 distenti,
3161 707 3493 778 fustibusque
3534 718 3663 763 sunt

2079 796 2224 860 caesi,
2256 807 2309 851 et
2337 796 2565 852 ﬂamma:
2592 798 2655 851 ad
2688 798 2850 853 latera
2893 814 3076 853 eorum
3110 801 3388 868 appositae,
3434 816 3531 853 nec
3581 812 3662 853 ta-

2080 904 2199 942 men
2231 891 2487 956 superati,
2537 890 2795 945 Eusebius
2827 893 3043 959 prmcisa
3089 893 3263 962 lingua
3317 894 3657 963 loquebatur,

2078 982 2367 1035 novissime
2400 982 2683 1049 plumbatis
2731 998 2902 1050 usque
2944 985 3009 1038 ad
3055 986 3401 1041 emissionem
3435 991 3657 1056 spiritus

2080 1074 2291 1125 mactati
2324 1085 2465 1127 soni.
2498 1072 2731 1139 Quorum
2762 1090 2986 1144 corpora
3018 1079 3233 1148 collegit
3277 1081 3463 1136 beatos
3507 1081 3656 1135 Bnli-

1638 1155 1864 1211 EDITIU
1907 1161 2417 1218 BOLLANIHANA.

391 1270 509 1309 rum
534 1254 697 1323 signis
720 1254 962 1318 rutilans,
992 1254 1231 1307 oratione
1252 1264 1434 1308 sancta
1458 1269 1605 1310 more
1632 1256 1757 1311 Elia:
1781 1272 1810 1311 e
1828 1260 1968 1313 caelo

392 1343 618 1411 pluviam
649 1343 870 1410 adeptus
889 1352 991 1397 est.

464 1435 550 1500 D.,
582 1433 899 1505 Carthagine
931 1443 953 1468 κ
980 1448 1266 1504 martyrum
1298 1434 1479 1488 Massa!
1497 1436 1763 1490 Candida}.
1796 1438 1855 1491 V.
1880 1438 1965 1505 C.,

393 1504 573 1558 Romae
606 1516 714 1558 nat.
738 1506 793 1557 S.
819 1504 1033 1559 Geuesii
1065 1507 1333 1573 martyris.
1375 1508 1436 1558 Et
1466 1506 1515 1559 in
1558 1509 1698 1560 0~tia
1723 1511 1781 1565 8.
1805 1508 1832 1545 δ
1863 1504 1963 1563 Αιιέ

391 1589 496 1648 reae
529 1575 761 1648 virginis.
798 1577 966 1648 8.,7Iu
994 1578 1277 1648 Antiochia
1312 1577 1484 1648 natale
1537 1576 1766 1641 Jehonii,
1814 1582 1968 1648 Capi-

390 1646 572 1707 tulani,
623 1646 802 1698 Italiie.
838 1658 859 1685 ε
894 1647 1126 1699 Iledonis
1183 1647 1395 1699 civitate
1442 1647 1702 1712 depositio
1753 1650 1811 1703 8.
1854 1646 1963 1704 Au-

389 1715 803 1788 d_o_eniepiscopi
827 1728 876 1770 et
903 1714 1244 1788 confessoris.
1282 1717 1538 1769 Neveruis
1567 1718 1777 1773 civitate
1800 1721 1961 1788 depo-

386 1783 510 1838 sitio
541 1787 598 1838 S.
632 1786 860 1838 Patriani
911 1786 1117 1838 abbatis
1164 1797 1215 1839 et
1266 1788 1603 1839 confessm-is.
1644 1783 1961 1845 Cenomanis

383 1854 599 1911 civitate
631 1858 818 1909 natalis
852 1856 1118 1925 Rigomeri
1144 1856 1435 1926 presbyteri
1462 1868 1514 1911 et
1543 1857 1886 1916 confessoris.

454 1947 546 2001 25.
572 1946 772 2001 —-VI|I
801 1946 936 2001 ΚΑι..
982 1947 1147 2001 Vacat
1177 1948 1351 2001 Batila.

462 2037 650 2093 Florus
693 2039 745 2092 in
793 2040 858 2093 A.
901 2046 957 2094 et
997 2036 1085 2106 T.,
1131 2040 1347 2093 Arelato
1392 2043 1569 2112 passio
1606 2043 1662 2097 S.
1688 2042 1712 2080 (ι
1747 2044 1958 2097 Genesii

389 2130 635 2198 Martyris
663 2170 680 2194 ,
731 2131 819 2198 qui
851 2128 1123 2184 decisione
1159 2131 1348 2199 capitis
1376 2147 1599 2200 agonem
1642 2148 1736 2201 pro
1762 2134 1962 2187 Christi

385 2223 601 2277 nomine
643 2224 864 2292 pollenti
916 2223 1131 2279 fervore
1184 2229 1550 2281 conservavit.
1592 2226 1678 2291 L.,
1720 2228 1861 2294 Qui,
1905 2237 1963 2281 ut

385 2318 573 2381 fertur,
603 2319 711 2373 alio
741 2334 847 2372 non
878 2329 961 2374 est
989 2318 1184 2374 tinctus
1218 2320 1532 2388 baptismate
1561 2338 1718 2390 quam
1746 2323 1961 2391 proprio

384 2411 666 2480 sanguine.
714 2411 891 2482 Pergit
934 2412 1129 2467 Florus
1172 2412 1224 2467 in
1264 2412 1330 2468 Τ.
1362 2420 1416 2468 et
1442 2412 1530 2478 L.,
1564 2412 1629 2467 Et
1652 2412 1836 2467 Romae
1861 2427 1957 2465 na-

2079 1285 2184 1338 tale
2218 1293 2241 1321 ⁶
2268 1284 2415 1337 Lucii
2445 1284 2683 1353 episcopi
2713 1297 2764 1338 et
2798 1286 3077 1354 martyris,
3108 1289 3193 1354 qui
3227 1288 3514 1356 vigesimus
3547 1292 3655 1358 pri-

2077 1392 2195 1430 mus
2244 1386 2365 1445 post
2417 1378 2632 1431 Petrum
2687 1393 2806 1430 cuin
2859 1378 3141 1431 ecclesiam
3192 1384 3346 1433 annis
3395 1382 3562 1436 tribus
3602 1392 3657 1435 et

2077 1468 2351 1521 mensibus
2397 1468 2563 1521 tribus
2615 1471 2883 1532 rexisset,
2952 1469 3282 1537 temporibus
3327 1470 3553 1525 Gallieni
3600 1482 3655 1525 et

2074 1559 2337 1614 Valesiani
2385 1558 2482 1632 [L.
2531 1560 2666 1614 Galli
2699 1569 2753 1614 et
2792 1560 3103 1633 Volusiani]
3150 1562 3339 1615 exsilio
3385 1576 3651 1629 retrosus,

2075 1650 2167 1706 sed
2200 1660 2383 1719 postea
2420 1661 2548 1703 nutu
2598 1650 2692 1705 Dei
2725 1652 2788 1704 ad
2825 1653 3092 1720 pr0priam
3122 1653 3404 1706 ecclesiam
3441 1652 3649 1706 incolu-

2075 1744 2175 1798 mis
2203 1754 2286 1798 est
2315 1760 2568 1799 reversus
2591 1784 2606 1810 ,
2640 1744 2837 1800 deinde
2882 1747 3193 1815 martyrium
3226 1747 3278 1799 in
3311 1745 3650 1801 confessione

2066 1834 2262 1889 Christi
2294 1836 2526 1901 pertulit.

2139 1968 2223 2030 γ..
2275 1969 2330 2018 8.
2369 1972 2381 2003 ι
2424 1968 2795 2021 Bartholomaei
2846 1970 3092 2036 apostoli.
3129 1971 3221 2022 llic
3275 1970 3324 2021 iu
3376 1970 3637 2039 Lycaonia

2068 2039 2396 2104 praidicavit,
2432 2040 2495 2089 ad
2525 2040 2764 2091 ultimum
2797 2041 2847 2091 in
2887 2040 3090 2091 Albano
3128 2039 3347 2107 majoris
3378 2046 3646 2097 Armeniae

2076 2109 2202 2160 urbe
2229 2110 2411 2161 vivens
2435 2124 2461 2159 a
2490 2110 2730 2161 barbaris
2757 2108 3060 2161 decoriatus
3089 2154 3102 2176 ,
3136 2122 3294 2174 atque
3334 2128 3426 2174 per
3445 2112 3646 2178 jussio-

2074 2194 2192 2232 nem
2220 2180 2359 2247 regis
2387 2180 2628 2249 Astyagis
2656 2179 2951 2233 decollatus
2992 2191 3092 2245 est,
3124 2183 3304 2249 sicque
3328 2191 3482 2234 terrae
3512 2197 3646 2234 coii-

2071 2249 2211 2302 ditus
2244 2250 2420 2315 ibique
2448 2252 2707 2315 sepultus.
2743 2250 2943 2302 Natalis
2976 2251 3093 2316 ejus
3124 2266 3215 2303 viti
3248 2251 3360 2303 Kal.
3391 2257 3642 2316 Septent-

2069 2320 2180 2371 hris
2228 2321 2547 2373 celebratur.
2603 2320 2688 2382 C.,
2750 2321 2803 2372 In
2856 2321 3070 2375 civitate
3124 2324 3271 2374 Ostia
3315 2323 3371 2375 8.
3424 2327 3638 2377 Aurem.

2069 2388 2251 2444 Romae
2278 2390 2336 2445 S.
2374 2397 2397 2435 8
2432 2388 2645 2445 Genesii
2681 2391 2954 2461 martyris.
2991 2390 3053 2445 D.
3076 2431 3090 2457 ,
3126 2394 3312 2446 Natale
3338 2394 3396 2447 8.
3423 2392 3639 2447 Geucsii

1761 2506 1963 2560 SMITH
2003 2504 2225 2561 NOTAE.

382 2599 565 2666 gessit.
597 2597 695 2661 Qui
728 2595 1131 2666 Rotomagensis
1156 2596 1437 2664 episcopus
1465 2596 1613 2660 juxta
1662 2595 1783 2660 Pagi
1814 2597 1966 2649 ordi-

382 2664 539 2720 natus
579 2676 659 2720 est
678 2683 818 2720 anno
843 2664 979 2731 640;
1010 2667 1153 2719 omni
1179 2668 1369 2719 virtute
1397 2666 1592 2729 clarus,
1619 2667 1962 2732 monasteria,

382 2737 662 2799 ecclesias,
687 2737 1123 2804 xenodocliiaqoe
1151 2736 1385 2788 fundavit
1409 2753 1422 2799 ;
1459 2746 1514 2788 et
1542 2752 1635 2803 per
1664 2751 1834 2789 annos
1862 2752 1965 2791 non

382 2821 581 2876 paucos
610 2808 848 2861 eamdem
880 2808 1192 2875 gubernavit
1240 2807 1536 2859 ecclesiam.
1572 2807 1853 2859 Defunctus
1884 2821 1969 2859 se-

382 2878 688 2945 peliebatur
720 2878 769 2930 in
813 2878 1135 2930 monasterio
1164 2876 1222 2929 8.
1256 2877 1393 2928 Petri
1438 2877 1489 2929 in
1520 2877 1771 2928 sobiirbin
1806 2878 1967 2929 lioto-

389 2949 647 3017 uiagensi,
680 2946 942 3014 hodieque
973 2948 1167 3002 celebri
1199 2947 1295 2998 sub
1320 2946 1485 3013 ipsius
1508 2946 1565 3000 S.
1599 2948 1837 3001 Audoeni
1872 2962 1968 3000 uo-

383 3019 546 3072 mine.
567 3018 735 3072 Verus
765 3020 876 3072 dies
907 3020 1060 3077 huius
1081 3020 1244 3070 sancti
1274 3018 1585 3070 einortoalis
1613 3018 1819 3070 videtur
1847 3031 1966 3070 esse

381 3089 630 3141 omnibus
676 3090 903 3157 ignotus.
956 3088 1278 3155 Fridegndns
1307 3099 1481 3140 tamen
1512 3089 1724 3140 natione
1769 3087 1969 3157 Anglus
1998 3097 2041 3157 (ζ

380 3160 669 3212 arbitratus
695 3168 776 3211 est
801 3160 1111 3211 Audoenom
1142 3172 1172 3210 e
1196 3158 1329 3210 vivis
1362 3159 1655 3211 excessisse
1683 3172 1735 3209 tit
1770 3156 1967 3210 Kalen-

380 3231 480 3281 das
507 3230 779 3297 Septemb.
809 3230 1110 3289 Dominii-a;
1137 3228 1227 3280 Sed
1258 3243 1322 3281 eo
1350 3228 1433 3280 die
1464 3238 1701 3280 mortuus
1728 3243 1832 3281 non
1864 3238 1965 3291 est,

381 3314 500 3351 cum
529 3300 854 3367 Fridegodus
900 3302 1010 3367 ipse
1043 3306 1267 3351 testetur
1296 3313 1416 3351 eum
1445 3297 1643 3351 obiisse
1672 3314 1810 3349 anno
1840 3297 1965 3359 677,

382 3370 463 3422 vel
485 3371 628 3436 juxta
654 3370 783 3423 Cod.
820 3370 915 3422 Ms.
949 3368 1086 3433 678;
1118 3379 1188 3431 et,
1213 3383 1332 3421 com
1362 3376 1409 3418 ut
1444 3368 1560 3419 dies
1602 3383 1723 3420 xxiv
1749 3368 1966 3433 Augusti

380 3441 453 3493 sit
510 3440 833 3504 Dominicns,
888 3453 1108 3493 necesse
1157 3440 1246 3502 sit,
1294 3445 1350 3490 ot
1396 3438 1444 3488 in
1477 3452 1633 3490 cursu
1680 3442 1749 3489 sit
1796 3439 1967 3490 littera

383 3511 446 3572 Ε,
475 3525 593 3578 qua!
627 3512 677 3563 in
711 3522 956 3563 neutrum
1000 3524 1196 3561 anuuin
1228 3508 1410 3560 incidit
1452 3518 1573 3559 ante
1601 3524 1687 3559 an.
1715 3506 1840 3569 68:2,
1865 3522 1968 3573 quo

382 3589 555 3632 tamen
590 3596 772 3635 mense
798 3582 1031 3647 Augusto
1060 3580 1239 3633 adhuc
1270 3579 1320 3632 iii
1367 3578 1495 3630 vivis
1523 3586 1637 3631 erat
1661 3578 1965 3631 Audueuos.

382 3649 513 3703 Vide
546 3651 665 3717 Pagi
697 3666 836 3703 anno
854 3654 979 3713 list,
1010 3666 1104 3704 xx.

453 3730 477 3755 α
523 3720 828 3791 Martyrum.
882 3721 982 3785 Qui
1034 3726 1170 3787 passi
1204 3729 1327 3773 sont
1358 3729 1593 3791 tempore
1624 3717 1885 3772 Valeriani
1917 3726 1970 3771 et

380 3787 625 3844 Gallieni.
662 3787 857 3844 Ferunt
879 3791 1017 3845 enim
1051 3792 1190 3844 inter
1219 3791 1321 3842 alia
1345 3790 1597 3857 supplicia
1627 3797 1750 3842 tunc
1781 3805 1809 3842 a
1835 3804 1968 3853 pra:-

378 3861 794 3915 side-clihanuni
847 3862 1007 3915 calcis
1062 3876 1363 3924 accensum,
1419 3871 1472 3913 et
1526 3859 1664 3911 inter
1690 3874 1783 3910 ora
1830 3859 1968 3913 illius

383 3946 579 3995 prunas
626 3948 746 3984 cum
802 3933 957 3985 thure
1010 3932 1296 3993 exhibitas,
1338 3940 1391 3982 et
1448 3930 1723 3997 praesidem
1772 3929 1968 3983 dixiSse

379 4000 731 4055 Christianis:
771 4002 959 4063 Eligite
983 4016 1013 4054 e
1042 4002 1248 4056 duobus
1281 4016 1464 4066 unum,
1498 4009 1588 4051 ant
1617 4000 1767 4050 thura
1812 4012 1969 4065 super

386 4072 467 4123 his
498 4072 819 4125 carbonibus
844 4071 1028 4125 offerte
1057 4071 1192 4131 .lovi,
1226 4080 1316 4123 aut
1356 4071 1406 4122 in
1448 4070 1647 4123 calcem
1699 4070 1965 4137 demergi-

385 4141 536 4198 tnini.
588 4142 737 4195 Tunc
782 4145 1001 4195 trecenti
1029 4144 1124 4194 viri
1159 4141 1260 4194 fide
1283 4140 1472 4193 armati
1503 4156 1561 4192 se
1600 4139 1706 4192 ictu
1737 4144 1966 4206 rapidis-

380 4213 519 4263 simo
551 4210 814 4264 Chiishim
851 4215 1072 4266 latentes
1118 4212 1364 4279 jecerunt
1412 4214 1463 4263 in
1522 4211 1719 4279 ignem,
1752 4220 1807 4262 et
1836 4212 1968 4262 inter

382 4296 607 4347 vapores
636 4284 794 4336 colcis
824 4283 1055 4349 pulverei
1098 4291 1215 4334 sunt
1273 4279 1523 4334 demersi.
1576 4282 1648 4332 Ex
1679 4296 1783 4348 quo
1809 4281 1967 4334 etiam

382 4350 622 4403 Candida
655 4352 822 4405 Massa
849 4352 1040 4404 meruit
1071 4351 1359 4415 nuncupari
1391 4350 1702 4403 Candidatus
1734 4351 1818 4404 ille
1844 4354 1967 4404 bea-

382 4432 554 4472 torum
587 4426 872 4476 exercitus.
904 4424 1037 4475 Aoo.
1072 4423 1354 4474 UARONIUS.

2075 2611 2231 2659 supra
2263 2597 2404 2660 vide,
2436 2612 2466 2650 e
2497 2595 2627 2648 vivis
2658 2595 2906 2649 excessit.
2960 2594 3034 2647 De
3063 2609 3201 2647 anno
3230 2604 3407 2649 autem
3450 2600 3635 2653 mortis

2074 2666 2394 2733 assigiianilo
2424 2682 2608 2733 magna
2641 2675 2723 2718 est
2751 2665 3068 2722 dil'licoltas;
3095 2681 3273 2736 verum
3307 2682 3369 2719 ex
3401 2666 3483 2731 iis,
3514 2684 3633 2736 quae

2082 2736 2133 2788 in
2158 2736 2421 2788 Chronico
2455 2736 2664 2789 Damasi
2693 2750 2818 2786 sana
2848 2746 3004 2799 sunt,
3038 2735 3249 2802 quando
3279 2740 3387 2799 agit
3413 2738 3478 2790 de
3501 2735 3630 2791 Cor-

2075 2805 2215 2859 nelio
2260 2817 2309 2858 et
2352 2806 2661 2874 Stephano,
2714 2816 2919 2869 tempus
2966 2821 3070 2871 quo
3100 2805 3462 2874 seditLocius
3495 2809 3632 2862 inter

2074 2890 2359 2943 uirumque
2384 2917 2397 2935 ,
2442 2873 2571 2928 satis
2601 2887 2747 2929 certo
2788 2876 2983 2941 colligit
3027 2873 3341 2929 Pearsonius
3368 2878 3415 2929 in
3448 2881 3631 2932 annal.

2074 2944 2425 3015 Cyprianicis.
2485 2946 2613 2998 Nam
2663 2946 2942 2997 Cornelius
2969 2946 3116 3012 juxta
3150 2946 3276 2998 illud
3331 2948 3632 3002 Chroniciin

2073 3014 2320 3074 decessit.
2355 3014 2505 3068 Gallo
2535 3031 2569 3069 tt
2626 3024 2680 3068 et
2716 3015 2998 3067 Volusiano
3048 3018 3375 3081 consulibus,
3409 3016 3507 3070 hoc
3552 3029 3635 3073 est

2077 3101 2217 3139 anno
2250 3085 2381 3150 13.2;
2414 3086 2719 3153 Stephanus
2755 3085 3031 3138 ordinatus
3060 3095 3141 3137 est
3170 3089 3459 3139 secundum
3497 3090 3634 3142 idem

2075 3156 2414 3218 Cl:r0nicoii,
2460 3156 2748 3210 Volusmno
2798 3155 2837 3208 ll
2887 3165 2940 3208 et
2986 3156 3213 3209 Maximo
3249 3158 3397 3219 Cos.,
3451 3158 3499 3211 id
3553 3172 3634 3214 est

2074 3242 2214 3280 anno
2254 3227 2376 3281 ⁵255.
2420 3228 2600 3296 Neque
2648 3232 2787 3279 enim
2837 3228 2975 3279 inter
3025 3226 3247 3287 primum
3286 3227 3554 3284 Volo-iani
3584 3242 3639 3285 et

2074 3298 2366 3351 secundum
2415 3299 2531 3363 ejus
2580 3300 2912 3350 consulatum
2956 3297 3042 3348 alii
3090 3298 3334 3351 consules
3381 3300 3430 3351 in
3465 3299 3632 3354 Fastis

2075 3366 2355 3421 habentur.
2408 3370 2582 3434 Quare
2617 3369 2807 3419 Lucios
2831 3382 2969 3419 anno
3002 3368 3187 3435 elapso
3211 3377 3329 3435 pust
3351 3369 3627 3424 decessum

2072 3437 2301 3491 Cornelii
2332 3439 2626 3503 ordinatus,
2667 3448 2789 3489 aute
2818 3437 3179 3505 pontificatum
3214 3438 3466 3503 Stephani
3494 3455 3634 3493 anno

2070 3506 2177 3560 2:33
2226 3508 2473 3562 decessit.
2531 3508 2858 3570 NicephOi'us
2881 3547 2897 3571 ,
2933 3522 3004 3569 v1,
3037 3509 3087 3569 7,
3119 3510 3261 3560 sedis
3297 3509 3441 3561 Lucii
3472 3512 3630 3560 dura-

2073 3581 2268 3630 tiouem
2324 3589 2569 3630 accurate
2618 3578 2848 3639 notavit;
2902 3576 2977 3628 ait
3020 3578 3197 3629 enim:
3251 3577 3363 3629 Non
3416 3579 3634 3645 integris

2070 3657 2273 3713 septem
2305 3649 2576 3700 mensibus
2609 3650 2833 3699 i-cclesia
2868 3648 3259 3712 administrata,
3302 3648 3465 3714 Steph
3487 3667 3627 3701 inoni

2074 3716 2253 3769 habuit
2278 3732 2662 3770 successorem.
2689 3717 2861 3783 Aliqui
2892 3717 3047 3767 hodie
3073 3722 3355 3782 quamdam
3391 3723 3447 3770 8.
3485 3720 3631 3771 Lucii

2074 3790 2471 3840 translationem
2522 3788 2811 3839 celebrant.
2867 3788 2935 3839 lla
2983 3798 3167 3838 auctor
3216 3791 3312 3841 Ms.
3361 3787 3629 3841 Florarii:

2072 3856 2372 3910 'l‘ranslatio
2417 3870 2721 3911 sanetoruin
2755 3858 3056 3922 pontificum
3108 3859 3247 3910 Lucii
3299 3873 3466 3924 papae,
3493 3868 3625 3924 etc.,

2071 3925 2499 3998 Martyrologium
2538 3932 2635 3980 sub
2666 3930 2879 3981 nomine
2906 3928 3125 3982 Usuardi
3158 3927 3389 3981 Colonia:
3412 3940 3462 3980 et
3487 3930 3626 3980 aliud

2071 3996 2294 4051 Lubecw
2362 3996 2479 4051 cum
2536 3999 2820 4051 doctriuali
2871 3998 3225 4061 clericorum,
3281 4014 3421 4051 anno
3469 4000 3627 4057 I490.

2070 4082 2284 4132 excusa,
2327 4068 2422 4121 ista
2480 4070 2711 4122 habent:
2757 4068 2811 4122 In
2873 4071 3059 4132 Daca,
3097 4073 3146 4120 in
3172 4070 3396 4122 ecclesia
3427 4067 3633 4122 Boskil-

2069 4137 2220 4190 densi
2248 4140 2523 4192 translatio
2553 4140 2611 4192 S.
2647 4140 2792 4192 Lucii
2828 4154 2973 4205 papae
2999 4150 3050 4191 et
3074 4142 3340 4208 martyris.
3375 4141 3630 4192 llerman-

2072 4222 2170 4261 tius
2216 4209 2423 4263 Greven
2473 4210 2522 4262 in
2564 4211 2674 4262 suis
2718 4213 2781 4262 ad
2819 4208 3113 4261 Usuarduiu
3145 4210 3497 4262 additinnibus
3528 4210 3626 4262 ista

2071 4275 2138 4328 ita
2178 4280 2483 4347 re~tringitz
2515 4279 2814 4332 Translatio
2855 4278 3043 4339 capitis
3095 4279 3153 4332 S.
3200 4278 3341 4331 Lucii
3398 4293 3545 4345 papae
3576 4289 3629 4331 et

2070 4354 2318 4419 martyris
2343 4353 2409 4403 ab
2440 4353 2568 4402 urbe
2606 4351 2773 4403 Itonia
2811 4350 2859 4401 in
2893 4348 3101 4400 Daciam
3132 4349 3195 4400 ad
3222 4350 3499 4401 ecclesuiin
3530 4349 3643 4418 IIo-_

2070 4420 2450 4474 schildeuseni.
2505 4421 2638 4473 Duas
2679 4420 2738 4475 8.
2781 4422 3073 4489 Cyprianus
3116 4436 3178 4473 ex
3208 4420 3382 4472 Africa
3416 4420 3630 4484 scripsit

456 4487 482 4526 δ
527 4494 727 4545 Aurata.
782 4494 853 4544 Ea
910 4508 1058 4556 passa
1110 4493 1336 4543 habetur
1386 4500 1623 4555 tempore
1672 4488 1956 4543 Alexandri
1991 4482 2120 4541 DS.
2168 4489 2327 4542 Lucio
2378 4490 2639 4556 Episuilas
2667 4530 2681 4554 ,
2726 4482 2951 4558 prior-ciu
2978 4532 2993 4554 ,
3027 4505 3143 4542 cuin
3176 4493 3239 4542 ad
3267 4482 3625 4554 pontiliCatuin

386 4559 724 4626 imperatoris
756 4565 853 4615 sub
889 4562 1111 4628 Ulpiano
1141 4561 1414 4627 pra-facto.
1460 4558 1612 4626 Viget
1639 4560 1811 4611 adhuc
1840 4560 1955 4629 ejus

383 4631 636 4683 memoria
664 4633 728 4683 ad
756 4632 887 4686 ostia
910 4633 1181 4693 Tiberina,
1203 4632 1287 4685 ubi
1311 4640 1542 4683 etsacra:
1565 4644 1681 4697 ejus
1715 4631 1953 4698 reliquiae

381 4711 649 4753 ιἐεθτνειηι
661 4717 741 4753 υΓ.

460 4780 479 4805 ο
514 4770 799 4824 llliedonis.
834 4771 1021 4825 Melius
1053 4772 1361 4835 Rotomagi).

454 4836 480 4875 δ
512 4838 735 4893 Genesii.
786 4843 1024 4908 Quatuor
1074 4853 1194 4893 sunt
1246 4839 1595 4906 cognomines
1626 4840 1834 4905 sancti,
1865 4841 1953 4908 qui

386 4910 439 4960 in
469 4908 764 4975 Aquitania:
797 4913 1100 4979 regionibus
1131 4912 1463 4964 honorantur
1490 4928 1501 4961 :
1536 4911 1587 4961 iu
1614 4910 1798 4976 primis
1824 4914 1955 4965 Are-

382 4980 599 5050 latensis
633 4982 763 5050 _ille.
818 4988 884 5035 de
923 4998 1027 5050 quo
1085 4983 1168 5034 hic
1214 4981 1410 5050 agitur.
1472 4982 1622 5033 Alter
1668 4990 1753 5033 est
1800 4980 1953 5034 nixus

384 5048 603 5120 'I‘bierni
632 5048 918 5113 Tutelaris,
941 5048 1015 5104 Vde
1046 5067 1150 5120 qna
1180 5048 1351 5120 (ἰήιε.
1383 5050 1581 5103 Turou.
1616 5051 1704 5103 lib.
1739 5051 1804 5102 de
1828 5051 1952 5105 Glo-

382 5118 471 5189 ria,
502 5127 790 5189 martyrum
841 5138 959 5186 cap.
986 5117 1076 5186 77,
1130 5117 1518 5189 cujusfestuiu
1570 5121 1868 5173 celebratur
1921 5138 1951 5172 v

378 5186 497 5239 Κ.ι1.
527 5188 657 5239 Νον.
690 5190 905 5244 Tertius
935 5204 1015 5244 est
1044 5186 1326 5258 episcopus
1357 5190 1815 5244 Claronioutensis
1837 5231 1850 5251 ,
1883 5190 1952 5246 de

379 5273 482 5328 quo
506 5259 650 5311 Ordo
682 5275 739 5314 ιιι
766 5261 900 5315 Non.
935 5262 1082 5325 Julii,
1130 5271 1182 5313 et
1222 5264 1503 5328 Catalugus
1548 5262 1946 5326 episcoporum.

382 5327 605 5381 Ultimus
650 5342 732 5383 est
775 5330 965 5383 Comes
1017 5332 1379 5393 Claroiuont.,
1415 5327 1502 5382 ide
1534 5347 1637 5397 quo
1668 5332 1950 5397 Catalogus

377 5404 635 5453 comitum
666 5439 681 5463 ,
738 5401 862 5454 liist.
912 5402 970 5453 S.
1022 5401 1259 5465 I’ra-jecti
1312 5411 1364 5451 et
1414 5403 1472 5454 S.
1512 5400 1703 5462 Boniti,
1754 5399 1946 5453 Lalibei

379 5467 509 5519 Bibl.
561 5471 717 5535 Nov.,
767 5487 821 5533 Ii,
871 5472 993 5523 719.
1034 5471 1158 5523 Vide
1183 5472 1335 5536 hujus
1365 5474 1493 5523 Aeta
1539 5471 1677 5537 apud
1708 5471 1944 5535 Surium,

374 5548 592 5592 auctore
619 5541 834 5594 Paulino
856 5541 1057 5594 Nolano
1084 5540 1362 5607 epiSCOjlo,
1386 5550 1439 5592 et
1464 5538 1706 5608 ejusdem
1743 5540 1949 5609 insigne

375 5610 685 5687 iiiirai-uluiii
730 5626 760 5663 a
816 5612 875 5664 Β.
928 5612 1126 5665 Ililario
1172 5611 1472 5663 Arelatensi
1526 5610 1775 5679 episcopo
1819 5624 1948 5663 cou-

373 5691 650 5746 scriptum.

450 5758 468 5783 ⁸
508 5748 667 5803 Lucii.
719 5750 811 5805 llic
866 5768 966 5807 non
1014 5749 1199 5820 hodie,
1256 5749 1348 5806 sed
1373 5749 1537 5806 dictv
1571 5749 1758 5817 Martii,
1788 5764 1942 5821 quem

2064 4570 2367 4627 assumptus
2393 4573 2533 4614 esset
2559 4600 2576 4624 ,
2624 4577 2785 4628 quam
2818 4562 3060 4613 dolemus
3092 4561 3339 4627 periisse;
3368 4560 3627 4626 posterio-

2058 4643 2171 4682 rem
2204 4647 2346 4694 vero,
2402 4646 2519 4684 cuin
2548 4631 2614 4683 ab
2654 4633 2847 4683 exsilio
2890 4630 3109 4682 Romam
3166 4646 3412 4683 reversus
3457 4640 3620 4693 esset,

2060 4709 2115 4751 ut
2140 4702 2186 4768 ei
2216 4715 2334 4752 cum
2367 4702 2584 4768 colli-gis
2613 4702 2873 4753 Africanis
2902 4700 3130 4752 reditum
3157 4701 3532 4766 gratularetur.

2133 4767 2564 4824 (Baitholoniaii.
2620 4770 2696 4824 De
2744 4770 2844 4823 hoc
2891 4778 2944 4823 et
2986 4774 3042 4823 8.
3094 4774 3267 4823 Aurea
3314 4772 3434 4823 vide
3478 4770 3622 4824 diem

2056 4842 2466 4906 prmccdenieui.

2129 4918 2154 4955 8
2183 4908 2406 4962 Geuesi‘i.
2459 4910 2552 4963 Hic
2583 4920 2637 4964 et
2666 4909 2832 4977 pridie
2860 4911 3082 4973 colitur,
3139 4910 3225 4962 tibi
3276 4909 3428 4963 miles
3460 4910 3624 4964 fuisse

2055 4976 2282 5048 dicitur;
2313 4980 2405 5035 sed
2430 4991 2639 5034 constat
2669 4976 2741 5033 ex
2770 4984 2881 5047 ejus
2909 4983 3055 5034 Actis
3078 4982 3215 5048 apud
3248 4982 3460 5034 Surium
3492 4993 3621 5035 tom.

2053 5045 2117 5100 IV
2150 5051 2308 5103 editis
2331 5090 2347 5113 ,
2394 5066 2511 5102 eum
2577 5052 2738 5102 fuisse
2785 5045 3036 5113 minium,
3067 5045 3123 5104 et
3151 5052 3273 5103 dum
3306 5051 3356 5103 in
3394 5057 3620 5119 theatro,

2053 5133 2159 5185 Quo
2208 5123 2376 5188 magis
2423 5121 2653 5185 placeret
2700 5120 3025 5174 Diocletiano
3072 5123 3240 5187 iiup.,
3294 5122 3622 5175 Chrisiianos

2054 5190 2185 5240 ritus
2218 5189 2514 5243 irrideiidos
2543 5190 2815 5244 exhiberet
2843 5229 2857 5253 ,
2890 5201 2944 5244 et
2971 5207 3104 5259 aqua
3132 5194 3238 5245 licti
3288 5192 3619 5261 baptismatis

2056 5261 2480 5325 perfunderetur,
2510 5261 2654 5314 illico
2682 5261 2947 5313 Christum
2983 5278 3106 5315 vere
3145 5264 3448 5316 confessum
3476 5277 3617 5325 esse,

2052 5339 2105 5401 et
2139 5332 2256 5401 ideo
2287 5346 2541 5401 martyrio
2571 5342 2904 5385 coiooatoin.
2956 5330 3295 5385 Conl'nnduut
3329 5334 3471 5385 hunc
3499 5350 3621 5386 ('tttlt

2051 5397 2281 5451 Genesio
2306 5397 2602 5454 Arelatensi
2651 5401 2979 5454 Momhritius
3006 5411 3061 5454 et
3092 5402 3234 5455 l’etr.
3267 5403 3333 5455 de
3368 5405 3483 5455 Nat.
3516 5401 3623 5455 Ro-

2050 5483 2149 5519 ῐιιευ
2178 5471 2397 5524 illustris
2446 5485 2526 5523 «εει
2558 5488 2809 5525 memoria
2844 5474 2998 5540 hujus
3030 5472 3276 5533 Getiesd,
3313 5489 3464 5540 quam
3492 5470 3624 5527 Gre-

2048 5554 2227 5603 gorius
2271 5557 2399 5607 papa
2449 5540 2660 5594 'l'ertius
2710 5544 3056 5605 instauravit,
3103 5551 3264 5609 atque
3310 5546 3616 5596 muneribus

2047 5622 2357 5674 exornaVit,
2414 5620 2469 5663 ut
2506 5623 2713 5665 constat
2759 5627 2822 5665 ex
2876 5616 2965 5664 lib.
3015 5616 3082 5666 de
3129 5615 3282 5664 Itum.
3340 5614 3526 5678 poutif.
3561 5618 3613 5667 ltt

2048 5680 2233 5732 eodem
2262 5681 2517 5750 Gregorio
2542 5683 2743 5738 Tertio.
2799 5683 2907 5736 Sub
2938 5683 3181 5736 Plotiano
3213 5684 3465 5749 praefecm
3495 5699 3615 5752 pas-

2048 5764 2136 5801 sns
2163 5761 2265 5807 est.
