4054 6190
458 298 595 352 tum

1193 294 1395 351 ΒΕῺᾸΞ
1437 294 1885 350 VENERARILIS
1920 293 2071 349 OPP.
2115 294 2289 349 PARS
2326 294 2413 349 ιν.
2454 324 2515 335 —-
2557 288 2937 346 lllSTORlCA.

3580 290 3709 342 1029

1685 406 1911 462 EDITIO
1948 403 2406 460 COLONIENSIS.
2618 462 2630 470 ,

457 518 555 557 nus
587 498 886 571 presbyter,
910 506 966 554 et
998 499 1259 569 sepelivit.
1297 501 1425 553 Item
1457 499 1625 553 sancti
1648 500 1858 555 Genesii
1887 500 2013 553 Are-
2052 505 2097 558 Δ
2129 512 2244 552 rum
2278 512 2489 567 quoque
2534 511 2762 567 corpora
2809 496 3002 561 levavit
3049 494 3291 552 Justinus
3325 495 3622 565 presbyter,
3652 505 3710 549 et

458 590 693 654 Iatensis,
740 591 828 659 qui
881 590 933 643 in
978 590 1090 658 ripa
1144 588 1385 643 Rhodani
1418 589 1649 643 lluminis
1705 590 2021 653 decollatus,

456 692 512 738 et
555 684 770 754 proprio
810 698 998 738 cruore
1046 684 1363 752 baptizatus,
1413 684 1650 753 martyrii
1687 684 1905 753 gloriam
1938 700 2023 739 ac-

456 776 614 843 cepit.
651 774 848 828 Eodem
886 774 972 827 die
1001 774 1169 828 sancti
1196 772 1457 828 Sandradi
1500 775 1728 830 abbatis.

528 863 595 919 G.
639 865 720 918 VII
761 864 996 919 Ktwso.
1059 864 1325 919 Serrana.
1369 865 1552 918 Roma:
1598 867 1766 919 sancti
1816 865 2026 933 Zeplte—

458 957 561 1012 rini
595 972 761 1025 papas.
811 957 896 1026 qui
936 959 1074 1010 rexit
1103 957 1380 1011 ecclesiam
1430 972 1596 1012 annos
1641 966 1784 1023 octo,
1817 972 2025 1012 menses

452 1061 674 1116 septem,
705 1046 820 1100 dies
862 1046 1070 1101 decem.
1104 1047 1197 1101 llic
1237 1046 1511 1102 constituit
1558 1058 1615 1103 ut
1670 1049 2023 1118 praesentibus

451 1138 694 1193 omnibus
727 1138 938 1191 clericis
988 1146 1041 1190 et
1096 1138 1246 1192 laicis
1276 1138 1546 1204 ﬁdelibus,
1603 1141 1716 1194 sive
1747 1140 2023 1205 diaconus,

451 1228 567 1283 sive
595 1229 846 1283 sacerdos
872 1228 1235 1294 ordinaretur,
1282 1239 1337 1283 et
1386 1231 1685 1285 astantibus
1731 1230 2025 1285 sacerdoti-

456 1323 553 1377 bus
614 1322 790 1376 missas
837 1322 1257 1377 celebrarentur.
1314 1323 1442 1379 Item
1495 1324 1673 1378 natale
1720 1333 2022 1377 sanctorum

362 1404 365 1407 ’
454 1413 617 1469 lrenei
648 1422 700 1469 et
728 1413 953 1468 Abundii
987 1413 1191 1479 Romae,
1225 1429 1360 1484 quos
1392 1414 1618 1468 Deciana
1652 1416 2021 1486 persecutione

452 1504 614 1575 jussit
649 1504 953 1559 Valerianus
982 1502 1287 1570 incloacari,
1340 1519 1405 1559 eo
1453 1504 1593 1576 quod
1625 1519 1819 1575 corpus
1858 1504 2026 1559 beatae

449 1595 762 1651 Concordia:
798 1597 849 1650 in
885 1595 1117 1651 cloacam
1147 1596 1364 1651 missum
1413 1597 1741 1653 levaverunt.
1779 1596 1844 1651 Et
1883 1598 2026 1665 ipso-

2135 590 2375 658 sepelivit
2416 592 2468 643 in
2498 600 2681 659 crypta
2711 589 2858 658 juxta
2901 589 3111 641 beatum
3158 586 3523 641 Laurentium.
3554 588 3709 657 Apud

2139 681 2502 746 Victimilium,
2534 690 2765 733 castrum
2802 679 2985 743 italiae,
3027 677 3197 732 sancti
3227 676 3460 732 Secundi
3510 688 3705 748 marty-

2137 776 2209 830 ris
2231 788 2296 829 ex
2329 773 2536 841 legione
2565 771 2927 827 Tltebeornm.
2960 769 3030 823 Et
3078 770 3348 839 Pergamis
3387 769 3555 823 sancti
3589 769 3713 823 Ale-

2135 865 2321 919 xandri
2353 864 2622 934 martyris,
2654 864 2742 931 qui
2773 871 2829 916 et
2858 862 2973 929 ipse
3014 870 3131 914 erat
3171 876 3233 915 ex
3267 861 3475 930 legione
3517 861 3708 928 pracdi-

2135 964 2340 1010 ctorum
2371 963 2700 1019 sanctorum,
2741 953 2828 1022 qui
2872 951 3227 1007 decollatione
3260 952 3570 1019 martyrium
3611 966 3709 1006 ex-

2136 1046 2317 1114 plcvil.

2205 1143 2270 1193 A.
2315 1136 2375 1190 Vl
2416 1136 2659 1191 humo.
2711 1133 2984 1190 Serrana.
3047 1133 3197 1197 Apud
3242 1132 3476 1197 Capuam
3535 1133 3712 1188 natalc

2132 1230 2300 1283 sancti
2330 1228 2445 1282 Ruli
2488 1226 2759 1297 martytis,
2793 1240 2948 1292 quem
2983 1225 3168 1278 beatus
3214 1223 3537 1291 Apollinaris
3568 1224 3709 1277 Petri

2130 1318 2356 1389 apostoli
2399 1318 2691 1385 discipulus
2743 1301 2921 1369 docuit
2947 1326 3001 1370 et
3052 1314 3359 1381 baptizavit,
3398 1329 3518 1368 cum
3562 1326 3710 1369 esset

2134 1411 2271 1465 idem
2304 1408 2472 1464 Rufus
2504 1408 2740 1477 patriciae
2785 1406 3082 1477 dignitatis.
3133 1406 3352 1460 Thomis
3398 1414 3706 1460 sanctorum

2132 1513 2421 1575 martyrum
2453 1502 2743 1557 Marcellini
2779 1500 2996 1566 tribuni,
3025 1508 3079 1555 et
3102 1501 3281 1554 uxoris
3307 1501 3423 1567 ejus
3445 1500 3707 1563 Mannem,

2134 1603 2189 1649 et
2220 1595 2316 1648 lilii
2360 1595 2527 1664 ipsius
2551 1593 2772 1649 Joannis
2813 1602 2867 1646 et
2896 1590 3206 1661 Serapionis
3232 1590 3434 1655 clerici,
3480 1600 3535 1645 et
3566 1590 3704 1645 Petri

1690 1686 1909 1741 EDITIO
1952 1684 2447 1740 ROLLANDIANA.

457 1776 745 1846 martyris:
777 1775 861 1844 qni
902 1776 1047 1846 prius
1094 1775 1144 1828 in
1194 1775 1325 1829 urbe
1368 1777 1729 1831 mimitemelae
1758 1778 1889 1831 artis
1915 1792 2028 1830 ma-
2066 1781 2108 1839 Β
2145 1776 2286 1830 vavit
2319 1774 2337 1812 ί
2367 1772 2606 1829 Justinus
2657 1775 2953 1843 presbyter,
3027 1783 3079 1828 et
3119 1774 3366 1843 sepelivit
3414 1774 3466 1827 in
3519 1783 3703 1845 crypta

462 1848 631 1918 gister
661 1845 776 1918 fuit.
811 1847 893 1918 Β..
926 1848 977 1898 In
1007 1846 1158 1915 Syria
1201 1847 1373 1918 natale
1392 1848 1449 1901 S.
1482 1846 1713 1914 “juliani
1753 1848 2022 1918 martyris.

456 1918 511 1969 In
534 1915 713 1982 Capua
737 1917 948 1969 civitate
977 1916 1277 1984 Campaniae
1306 1920 1479 1971 natale
1525 1919 1623 1971 SS.
1658 1918 1830 1971 Rulini
1862 1915 1915 1971 et
1936 1918 2026 1971 .Iu-

459 1986 535 2040 lii.
587 1986 869 2040 Ilertnetis.
921 1987 979 2040 Β.
1034 1988 1098 2039 A.
1148 1987 1237 2053 T.,
1292 1986 1345 2039 In
1397 1987 1645 2054 Hispania
1698 1989 1875 2042 natale
1922 1988 2021 2042 SS.

457 2065 747 2125 martyrum
794 2056 930 2111 .lusti
974 2066 1026 2110 et
1064 2056 1317 2109 PaStoris.
1369 2057 1457 2122 'l‘.,
1494 2059 1547 2110 In
1579 2058 1715 2121 Pago
1745 2057 2024 2111 Viroman-

454 2126 606 2179 densi
665 2129 840 2179 natale
890 2128 945 2180 S.
1001 2125 1025 2162 ι’
1076 2127 1418 2196 llunegundis
1475 2128 1715 2194 virginis.
1776 2127 1895 2196 ipso
1941 2128 2027 2183 die

459 2196 637 2267 natale
664 2197 721 2249 S.
750 2207 771 2233 ε
800 2197 977 2267 Aretlii
1009 2195 1110 2249 abb
1131 2196 1235 2267 -lis_.
1280 2201 1367 2260 A.,
1393 2196 1725 2251 Ttltnularias
1762 2195 2028 2267 depositio

457 2266 517 2321 8.
551 2265 897 2335 Hunegtmdis
932 2264 1171 2335 virginis.
1204 2265 1265 2320 L.
1293 2269 1465 2321 locum
1494 2269 1704 2323 reticet.

522 2398 616 2454 9.6.
635 2426 706 2438 -
730 2398 813 2451 VII
838 2397 970 2452 KAL.
1005 2398 1187 2450 Romae
1210 2400 1382 2450 natale
1406 2397 1505 2453 SS.
1534 2398 1724 2452 Erenei
1758 2407 1813 2453 et
1838 2399 2024 2453 Almo-

460 2489 568 2555 dii;
600 2503 734 2558 quos
783 2492 811 2532 ἀ
856 2489 1079 2543 Deciana
1126 2488 1497 2557 persecutione
1520 2488 1681 2559 jussit
1719 2489 2027 2543 Valerianus

430 2648 432 2651 _
467 2582 851 2647 incloacari,eo
878 2581 1017 2650 quod
1039 2596 1233 2647 corpus
1266 2580 1322 2633 Β.
1351 2588 1374 2616 ⁸
1400 2580 1682 2635 Concordii
1704 2583 1753 2634 in
1785 2582 2021 2635 cloacam

462 2676 681 2729 missum
707 2675 1035 2729 levaverunt.
1089 2673 1153 2727 Et
1184 2674 1418 2742 ipsorum
1451 2688 1662 2743 quoque
1692 2687 1917 2740 corpora
1944 2674 2022 2726 le-

2130 1866 2281 1937 juxta
2311 1866 2370 1919 Β.
2401 1865 2771 1920 Laurentium.

2204 1956 2394 2012 Florus
2437 1957 2489 2009 in
2530 1956 2596 2011 A.
2629 1964 2684 2010 et
2712 1955 2802 2019 T.,
2837 1954 3035 2009 Eodem
3065 1954 3154 2008 die
3174 1954 3389 2008 civitate
3411 1953 3701 2008 Thessalo-

2135 2048 2251 2102 nica
2294 2047 2472 2100 natale
2518 2046 2577 2102 8.
2609 2056 2636 2096 8
2662 2046 2925 2102 Anastasii
2952 2062 2967 2098 :
2997 2045 3095 2100 Hic
3131 2045 3259 2100 fullo
3297 2044 3427 2109 fuit,
3459 2045 3553 2100 sed
3582 2045 3700 2099 ﬁdei

2139 2139 2333 2193 merito
2365 2139 2505 2191 inter
2531 2151 2813 2191 numerum
2857 2144 3150 2207 martyrum
3190 2146 3572 2190 annumeratus
3599 2145 3698 2189 est.

2205 2229 2285 2292 L.,
2341 2229 2405 2282 Et
2461 2229 2512 2281 in
2556 2228 2768 2283 civitate
2822 2229 3033 2284 Salonia
3088 2230 3262 2281 natale
3315 2229 3373 2281 S.
3428 2228 3693 2282 Anastasii

2133 2301 2406 2369 martyris.
2455 2299 2543 2365 V.,
2592 2300 2738 2352 alibi.
2786 2297 2871 2360 C.,
2922 2299 2975 2350 In
3018 2300 3230 2352 civitate
3258 2298 3573 2369 SalonarV.
3606 2299 3688 2363 (3.,

2130 2367 2317 2423 Na:ale
2347 2372 2406 2425 8.
2442 2371 2730 2432 Anastasii,
2765 2369 2848 2421 hic
2879 2369 3007 2422 fullo
3034 2377 3085 2421 et
3117 2378 3313 2438 tnartyr
3343 2367 3459 2422 fuit.
3489 2368 3513 2403 ι·
3538 2368 3691 2434 Quin.

2130 2439 2221 2492 tini
2257 2439 2524 2509 martyris.
2582 2438 2666 2503 Β..
2719 2438 2772 2491 1η
2801 2438 3013 2491 rivitate
3039 2439 3229 2509 salona
3256 2441 3429 2509 natale
3456 2438 3514 2492 S.
3549 2440 3684 2509 Ana-

2132 2509 2277 2579 stasii
2330 2507 2602 2579 martyris.
2656 2509 3029 2563 Autissiodoro
3053 2508 3266 2561 civitate
3313 2508 3580 2578 depositio
3628 2507 3687 2562 S.

2137 2577 2154 2616 ί
2193 2577 2482 2633 Eleutherii
2513 2580 2772 2647 episcopi.

2200 2672 2293 2724 27.
2320 2699 2391 2712 -
2420 2671 2484 2725 γι
2505 2670 2637 2726 Κιιι..
2678 2670 2837 2726 Vacat
2861 2672 3037 2729 Baeda.

1825 2762 2026 2817 SMlTll
2067 2761 2291 2817 NOT/E.

535 2866 559 2895 ι
585 2857 803 2911 Ιιιιὶαηὶ.
858 2855 1007 2908 Hunc
1053 2864 1335 2923 martyrem
1385 2862 1438 2908 et
1468 2854 1837 2924 presbyterum
1870 2863 2024 2907 vocat

462 2930 605 2983 l‘etr.
632 2928 698 2981 de
726 2927 901 2981 Natal.
935 2941 1010 2986 xl,
1042 2925 1137 2977 ult.
1163 2924 1289 2978 θη.

473 3049 484 3057 .
529 2998 554 3036 ι’
590 2998 955 3077 Hunegtmdis.
1008 2998 1137 3077 Quae
1182 2993 1397 3077 nata-in
1444 2992 2019 3077 pagoyiromandensi

2129 2852 2657 2924 dibusconstitutis,
2725 2862 2984 2922 :egrotare
3030 2854 3191 2921 cmpit
3236 2863 3291 2906 et
3337 2863 3451 2924 post
3495 2854 3698 2923 aliquot

2138 2925 2252 2978 dies
2269 2923 2422 2988 obiit,
2453 2937 2643 2994 nempe
2666 2938 2806 2994 anno
2830 2924 3247 2994 lti_Cltildeberti
3276 2923 3431 2993 regis,
3457 2937 3509 2976 ut
3537 2925 3693 2994 (ἕως.

2128 2994 2352 3057 Τυιοη.,
2403 3009 2456 3059 ι,
2507 2992 2598 3056 29,
2648 2993 2855 3059 scribit,
2898 2991 3091 3047 Christi
3120 2991 3368 3047 nimirum
3401 2995 3526 3049 591.
3564 3002 3602 3049 A
3633 2991 3691 3051 8.

462 3086 524 3123 ex
555 3061 1161 3140 generosisparentibus
1181 3081 1274 3140 ,με
1304 3061 1820 3140 baptismatisl'onte
1852 3064 2016 3115 levata
2051 3078 2097 3140 ο
2129 3063 2377 3140 Ferreolo
2426 3062 2791 3140 LemoVicensj
2830 3065 3083 3140 epis_c0po
3134 3065 3369 3140 sepultus
3412 3075 3502 3140 est
3531 3065 3583 3118 in
3611 3082 3697 3121 ec-

460 3133 592 3192 rsta
630 3138 687 3190 Β.
721 3136 888 3203 Eligio
919 3135 1164 3202 pontiﬁce
1190 3133 1546 3187 Noviomensi.
1582 3134 1783 3203 Adulta
1816 3142 2013 3195 autem,

462 3211 781 3273 desponsata
811 3202 892 3257 est
910 3207 1115 3257 cuidam
1142 3207 1358 3257 nomine
1391 3202 1666 3267 Eudaldo;
1697 3218 1812 3273 qua:
1843 3214 2016 3257 tamen

464 3271 577 3331 ﬁeri
611 3281 828 3342 cupiens
885 3273 1138 3327 m0nacha
1160 3316 1173 3337 ,
1224 3288 1477 3341 sponsum
1512 3273 1578 3326 ad
1609 3272 1747 3339 piam
1777 3271 2018 3326 hortatur

462 3345 979 3416 peregrinationem;
1016 3343 1234 3396 Romam
1266 3343 1421 3416 igitur
1442 3357 1561 3416 cum
1591 3358 1654 3395 eo
1681 3356 1928 3411 pergens,
1957 3352 2018 3416 et

460 3413 488 3468 ἐι
518 3413 645 3482 papa
692 3417 863 3467 velum
898 3415 1200 3483 postulans,
1252 3413 1319 3467 ab
1347 3428 1411 3465 eo
1446 3414 1616 3467 velum
1650 3428 1766 3466 cum
1799 3414 2016 3465 benedi-

456 3492 637 3539 ctione
683 3486 905 3550 recepit.
958 3486 1237 3538 M-rtinum
1286 3493 1462 3537 autem
1511 3483 1747 3550 lpapam
1777 3483 2018 3547 designat

472 3556 705 3609 ecclesia
737 3555 1234 3622 San-Quintinensis
1284 3555 1334 3607 in
1379 3555 1629 3608 Lectione
1670 3550 1705 3602 4
1736 3553 2009 3607 Breviarti.

454 3627 610 3693 Quod
642 3626 854 3695 quidem
896 3636 1038 3678 stare
1085 3641 1185 3679 non
1235 3624 1439 3692 potuit,
1482 3623 1581 3676 nisi
1612 3624 1813 3695 ΔΕιίςῐιιε
1847 3623 2017 3695 prius-

458 3711 621 3763 quam
653 3692 792 3749 esset
833 3697 1113 3762 cpiscopus
1164 3695 1542 3761 llttnegundem
1593 3692 1659 3746 de
1688 3707 1841 3745 sacro
1873 3692 2015 3763 fonte

465 3762 734 3819 lt-vavetit.
787 3767 920 3817 Ante
958 3767 1097 3819 enim
1144 3767 1254 3819 sedi
1303 3764 1644 3817 Noviomensi
1676 3764 1878 3829 praeluit
1907 3762 2015 3816 Eli-

463 3838 601 3903 gius,
632 3851 785 3901 quam
818 3836 1068 3889 Martinus
1097 3838 1366 3888 Romanae.
1410 3832 1755 3903 Hunegundis
1781 3841 1953 3903 autem
1985 3847 2014 3885 a

468 3901 665 3972 sponso
711 3905 844 3958 irato
893 3907 1032 3972 quod
1084 3921 1113 3958 a
1165 3905 1363 3973 virgine
1417 3903 1678 3956 monacba
1724 3901 1834 3970 jam
1881 3901 2013 3955 facta

467 3985 676 4041 Spretus
705 3984 865 4037 eSset,
894 3976 1094 4039 relicta,
1128 3975 1345 4040 patriam
1375 3974 1576 4042 repetiit
1600 4013 1614 4034 ,
1638 3980 1691 4024 et
1710 3972 1936 4038 seipsam
1964 3982 2018 4025 et

471 4048 603 4096 bona
634 4059 730 4097 sua
759 4047 933 4096 omnia
984 4046 1302 4097 monasterio
1350 4042 1731 4097 llutnolariensi
1770 4044 2013 4107 contulit,

471 4115 559 4166 ubi
593 4114 803 4168 tandem
847 4115 977 4167 obiit
1011 4129 1149 4167 anno
1181 4114 1390 4167 circiter
1420 4115 1543 4169 690.
1598 4111 1869 4179 Siquidem
1903 4111 2014 4164 Hu-

474 4184 734 4252 ncgundis
781 4185 845 4237 de
887 4198 1041 4238 sacro
1069 4184 1213 4238 fonte
1242 4185 1408 4238 levata
1438 4194 1520 4238 est
1546 4200 1576 4236 ιι
1616 4183 1675 4235 Β.
1702 4181 1893 4252 lg‘ligio,
1928 4183 2013 4249 qui

475 4251 615 4307 anno
654 4254 792 4308 circa
843 4254 947 4308 660
994 4255 1058 4307 ad
1106 4269 1326 4323 superos
1378 4254 1638 4322 migravit.
1685 4251 2016 4323 pilletnoratur

416 4380 417 4383 η
472 4323 813 4391 llunegundis
873 4326 922 4377 in
973 4321 1329 4379 auditionibus
1371 4321 1466 4378 ad
1496 4321 1792 4378 Usuardum
1856 4330 1910 4375 et
1960 4322 2013 4375 in

473 4394 860 4473 Martyrologiis
922 4395 1261 4473 Benedictino
1294 4395 1789 4473 .et_G_allicauo.et'
1833 4400 2014 4473 nostro

470 4477 561 4516 vnt
592 4460 710 4518 Kal.
758 4460 1055 4531 Septemb,
1100 4462 1307 4518 tametsi
1350 4465 1419 4518 ob
1452 4467 1638 4518 festum
1678 4464 1735 4515 S.
1772 4460 2018 4515 Ludovici

374 4536 377 4537 ⁷
472 4532 584 4599 ejus
609 4533 841 4587 ollicium
894 4549 921 4586 a
949 4535 1218 4587 canonicis
1247 4539 1496 4601 Augusta:
1530 4532 2020 4586 Veromanduorum

468 4602 522 4655 in
549 4602 688 4657 diem
711 4616 1017 4671 sequentem
1043 4604 1372 4658 transfertur.
1406 4606 1606 4670 Corpus
1627 4603 1741 4667 ejus
1763 4616 1794 4655 e
1823 4605 2021 4655 tumulo

468 4672 731 4727 elevatum
760 4683 840 4726 est
866 4689 1006 4727 anno
1031 4675 1224 4727 Christi
1253 4672 1377 4740 9A6,
1411 4675 1575 4741 pridie
1603 4672 1779 4725 Nonas
1807 4672 2016 4737 Oetob.,

468 4744 621 4809 cujus
662 4748 735 4798 rei
782 4744 1056 4799 historiam
1096 4746 1289 4798 saeculo
1320 4761 1347 4797 v
1389 4744 1730 4799 Benedicttno
1757 4742 2019 4795 Bernerus

469 4814 639 4866 abbas
658 4815 935 4883 descripsit
960 4854 974 4878 ,
1023 4830 1085 4868 ac
1110 4816 1300 4869 deinde
1329 4815 1378 4868 in
1414 4814 1775 4880 pretiosiorem
1810 4817 2019 4883 thecam

466 4895 609 4935 anno
659 4884 790 4938 1051
836 4881 1145 4939 iranslatutu
1173 4896 1254 4940 est
1290 4901 1318 4939 a
1348 4885 1575 4939 Macario
1604 4881 2019 4937 llumolariensis

464 4954 694 5007 cmnohii
725 4955 932 5008 abbate.

543 5031 565 5058 ο
595 5025 788 5075 Aredt't'.
823 5027 1045 5078 Abbatis
1068 5025 1460 5079 Letnovicensis
1488 5041 1550 5078 ex
1578 5022 1710 5077 urbe
1736 5021 2015 5077 Letnovica

471 5092 702 5143 oriundi.
754 5094 909 5148 Pater
956 5095 1094 5148 illius
1141 5096 1446 5161 Jocundns,
1495 5105 1661 5148 mater
1691 5092 1895 5160 Pelagia
1926 5108 2017 5160 ap-

475 5162 663 5228 pellata
688 5173 803 5227 est;
834 5166 1045 5217 fratrem
1080 5166 1259 5217 habuit
1289 5164 1645 5217 Renosindutn
1682 5161 1827 5230 juxta
1854 5162 2012 5230 Greg.

472 5232 672 5285 'l‘uron.
705 5234 768 5285 de
810 5235 991 5288 mirae.
1025 5235 1082 5289 S.
1130 5236 1353 5300 Martini,
1379 5250 1437 5298 ll,
1470 5235 1558 5297 59,
1596 5234 1735 5285 Edtt.
1761 5232 1887 5285 Ben.
1915 5233 2013 5296 Qui

473 5317 598 5356 vero
645 5304 696 5356 in
752 5305 969 5369 tulgatts
1022 5307 1343 5358 editiontbus
1404 5314 1549 5370 pater
1595 5308 1710 5369 ejus
1761 5302 2015 5357 mendose

470 5383 823 5442 nuncupatur.
880 5374 975 5426 llic
1019 5373 1386 5428 Theodebct-to
1426 5376 1533 5441 regi
1564 5372 1808 5442 traditus,
1830 5373 2014 5426 aulicis

472 5441 721 5512 palatinis
746 5444 1062 5513 adjungttur.
1119 5443 1221 5497 Sed
1261 5446 1444 5497 relicto
1468 5448 1677 5497 tandem
1709 5441 1845 5507 regis
1875 5442 2016 5508 pala-

472 5515 568 5580 tio,
607 5515 664 5569 S.
711 5512 1179 5581 Nicetit'episcOpi
1227 5512 1556 5567 Trevgrensis
1598 5512 1806 5565 monitis
1856 5514 2013 5565 vitam

471 5585 706 5637 sanctius
747 5580 994 5637 instituit.
1059 5585 1124 5636 Et
1167 5598 1317 5645 cum,
1360 5584 1466 5636 vita
1542 5580 1811 5637 miraculis
1863 5583 2012 5647 plena

472 5661 595 5703 ante
642 5665 789 5716 acta,
842 5654 1008 5720 major
1060 5654 1244 5705 ﬂesset
1281 5654 1656 5719 octogenario,
1699 5659 2012 5706 testamento

475 5720 686 5773 condito
712 5738 769 5776 ac
792 5723 886 5776 SS.
924 5722 1146 5775 Martino
1175 5722 1472 5789 llilarioque
1500 5720 1825 5776 antistitibus
1843 5723 2009 5778 haere-

2050 4436 2099 4494 ι)

2125 3135 2288 3185 clesia
2337 3133 2395 3186 Β.
2455 3134 2702 3201 martyris
2758 3133 2973 3187 Juliani.
3052 3134 3125 3188 De
3164 3135 3360 3188 Aredio
3402 3134 3689 3203 Gregorius

2122 3203 2329 3275 Turon.
2353 3203 2572 3275 scripsit,
2593 3207 2643 3257 in
2672 3203 2808 3275 libro
2840 3219 2877 3258 ιι
2901 3204 2968 3258 de
2992 3205 3172 3259 Mirac.
3214 3203 3281 3275 S.
3306 3204 3535 3270 Martini,
3562 3222 3680 3275 Cap.

2126 3272 2212 3332 59.
2240 3282 2292 3325 et
2319 3273 2410 3342 lib.
2459 3288 2497 3327 tt
2543 3274 2610 3327 de
2657 3273 2833 3328 Gloria
2865 3284 3044 3338 mart.,
3076 3290 3191 3342 cap.
3225 3274 3312 3328 40.
3348 3277 3472 3342 Ejus
3520 3272 3691 3331 Vitam

2121 3343 2267 3395 dedit
2293 3341 2374 3397 Cl.
2421 3342 2711 3397 Ruinartns
2753 3345 2805 3397 in
2854 3344 3082 3397 editione
3112 3341 3206 3397 sua
3236 3341 3497 3414 Gregorii,
3535 3346 3690 3401 aliam

2119 3414 2183 3465 alt
2212 3428 2273 3465 ea
2299 3429 2413 3480 qua:
2442 3415 2582 3468 inter
2624 3416 2748 3467 Acta
2780 3424 3083 3469 sanctorum
3111 3417 3252 3468 edita
3298 3425 3380 3470 est
3407 3418 3605 3471 saeculo
3650 3432 3689 3484 ι,

2123 3484 2488 3552 Ilertedictino,
2522 3499 2640 3552 pag.
2665 3484 2789 3538 549.

2188 3550 2213 3589 ἀ
2250 3552 2492 3608 Deciana.
2524 3550 2601 3609 ιιι
2628 3570 2758 3608 vero
2789 3569 2890 3607 non
2928 3554 3063 3622 passi
3090 3566 3213 3610 sunt
3239 3556 3337 3611 sub
3368 3557 3547 3622 Decio,
3594 3558 3688 3611 sed

2117 3622 2215 3675 sub
2243 3622 2521 3677 Valeriano
2562 3626 2713 3692 imp.,
2749 3624 2948 3677 scilicet
2971 3626 3107 3679 circa
3136 3641 3333 3680 annum
3365 3627 3491 3682 22:8.
3551 3627 3681 3683 Vide

2116 3707 2275 3757 supra
2304 3694 2369 3747 de
2401 3694 2458 3750 S.
2491 3694 2775 3748 Laurentio
2802 3695 2887 3746 die
2919 3710 2948 3746 χ
2984 3696 3135 3762 hujus
3166 3699 3385 3749 mensis.

2192 3773 2214 3799 θ
2246 3764 2535 3817 Concordii.
2584 3764 2801 3817 Rectius
2846 3767 3181 3829 Uoucordiaz,
3217 3768 3439 3820 nutricis
3465 3768 3522 3821 8.
3560 3768 3686 3831 Hip-

2121 3833 2306 3901 polyti,
2339 3835 2403 3887 de
2440 3851 2541 3903 qua
2585 3836 2756 3902 agitur
2801 3834 2888 3888 die
2912 3851 3001 3889 xm
3037 3836 3191 3904 hujus
3224 3838 3442 3890 mensis.
3503 3838 3577 3890 De
3607 3837 3691 3890 his

2118 3906 2341 4027 :anctilsv
2365 3905 2482 3959 vide
2542 3904 2711 3958 Vitam
2809 3906 2865 3959 S.
2928 3905 3197 3959 Laurentii
3252 3906 3389 3975 apud
3448 3907 3685 3972 Suriunt,

2139 3987 2244 4027 om.
2347 4014 2362 4027 .

2118 3981 2244 4027 tom.
2277 3981 2362 4028 IV.

2150 4113 2160 4123 _
2238 4044 2496 4097 Justinus.
2532 4044 2603 4099 De
2634 4043 2733 4098 hoc
2758 4059 2911 4114 supra
2943 4045 3062 4100 vide
3096 4061 3149 4100 tv
3176 4046 3314 4101 diem
3350 4045 3507 4116 hujus
3537 4063 3687 4103 men-

2117 4128 2210 4167 SlS.

2189 4193 2213 4230 tt
2242 4182 2519 4237 Anastasii.
2568 4182 2666 4251 Qui
2710 4200 2812 4238 non
2856 4185 3291 4247 Thessalonice,
3343 4186 3437 4240 sed
3472 4187 3684 4244 Salonae

2123 4252 2396 4306 Dalmatia:
2423 4253 2652 4307 civitatis
2683 4270 2866 4322 passus
2909 4264 2990 4308 est
3019 4257 3116 4308 sub
3148 4258 3527 4322 persecutione
3557 4259 3679 4311 [tio-

2117 4324 2330 4377 cletiani
2383 4324 2737 4387 imperatoris.
2796 4326 2890 4378 lltc
2915 4339 2978 4378 ex
3008 4325 3244 4393 Aquileia
3273 4337 3421 4379 ortus
3446 4329 3677 4391 civitate,

2123 4404 2286 4447 artem
2318 4393 2530 4447 fullonis
2563 4395 2831 4458 exercuit;
2877 4394 2999 4461 quia
3048 4408 3224 4449 autem
3258 4398 3522 4450 Christum
3547 4414 3677 4452 con-

2127 4464 2296 4517 fessus
2324 4474 2427 4528 est,
2460 4478 2717 4529 sUSpenso
2738 4464 2803 4518 ad
2835 4464 3026 4517 collum
3056 4468 3171 4531 ejus
3197 4467 3396 4534 ingenti
3430 4468 3675 4535 lapidein

2122 4549 2269 4588 mare
2312 4548 2546 4603 prtet'eps
2597 4536 2769 4588 datur.
2830 4535 3060 4587 Matrona
3095 4550 3220 4588 vero
3250 4538 3492 4603 quaedam
3523 4537 3677 4591 Chri-

2120 4607 2286 4657 stiana
2320 4605 2532 4658 nomine
2565 4605 2824 4671 Asclepia,
2857 4619 3049 4670 corpus
3083 4610 3328 4675 martyris
3355 4610 3553 4661 habere
3580 4622 3675 4662 cu-

2120 4688 2292 4746 piens,
2324 4676 2575 4746 quosdam
2608 4690 2670 4727 ex
2695 4675 2860 4728 servis
2888 4676 2998 4728 suis
3028 4678 3188 4740 misit,
3218 4676 3306 4744 qui
3345 4691 3544 4744 corpus
3561 4681 3676 4746 ejus

2119 4743 2437 4814 invenirent.
2469 4743 2793 4812 lit-pererttnt
2827 4755 3002 4799 autem
3031 4746 3140 4798 Afri
3176 4743 3389 4814 quidam
3412 4743 3670 4810 cadaver,

2117 4823 2170 4865 et
2197 4813 2312 4881 ejus
2339 4824 2495 4881 caput
2520 4816 2568 4865 ιιι
2597 4814 2816 4881 patriam
2848 4830 2997 4867 suam
3026 4813 3384 4885 portaverunt,
3418 4826 3473 4870 et
3495 4820 3677 4872 eccle-

2117 4886 2249 4935 siam
2275 4886 2324 4936 itt
2348 4886 2556 4936 nomine
2585 4885 2747 4951 ipsius
2769 4885 3119 4938 aediﬁcarunt.
3160 4886 3365 4952 Corpus
3396 4901 3522 4940 vero
3550 4892 3668 4941 sine

2117 4958 2287 5019 capite
2327 4955 2425 5008 sibi
2462 4954 2696 5008 delatum
2728 4966 2967 5008 matrona
3010 4956 3095 5008 illa
3137 4955 3382 5009 devotius
3428 4971 3671 5025 excepit;

2117 5026 2282 5090 quod,
2311 5025 2481 5078 donec
2509 5025 2892 5078 delervesceret
2930 5027 3244 5093 persecutio,
3274 5025 3323 5079 in
3355 5028 3551 5092 prtedio
3574 5045 3671 5083 suo

2115 5095 2305 5148 celavit
2324 5135 2338 5156 ,
2369 5094 2562 5148 deinde
2591 5094 2868 5147 ecclesiam
2896 5096 3207 5156 construxit,
3236 5105 3289 5149 et
3310 5111 3505 5160 corpus
3527 5114 3672 5149 tuar-

2118 5166 2244 5232 Iyris
2292 5165 2343 5217 itt
2385 5164 2687 5217 Salonitano
2737 5165 3001 5218 territorio
3050 5166 3343 5219 collocavit.
3413 5168 3555 5219 Petr.
3599 5168 3671 5220 de

2114 5233 2282 5287 hatal.
2319 5236 2465 5299 Apud
2500 5249 2654 5304 quem
2694 5237 2945 5301 postridie
2972 5235 3292 5301 celebratur,
3319 5247 3370 5291 et
3397 5240 3533 5304 apud
3565 5238 3667 5289 Β.ι-

2114 5308 2318 5372 roninm
2341 5318 2428 5357 xxt
2459 5306 2540 5355 dte
2572 5303 2724 5372 hujus
2757 5306 2973 5358 mensis.

2182 5370 2206 5409 δ
2242 5373 2596 5446 Quintiuiasi
2614 5370 2696 5427 hic
2726 5375 2864 5427 idem
2887 5378 2956 5428 sit
2984 5391 3101 5428 rum
3144 5376 3339 5442 Quinto
3377 5378 3511 5446 apud
3548 5379 3665 5432 Ilie-

2114 5458 2231 5497 ron.
2268 5443 2716 5513 Martyrologium,
2749 5459 2847 5497 una
2871 5460 2991 5496 cum
3017 5446 3203 5499 liasilla
3234 5458 3283 5500 et
3310 5443 3667 5505 Masintiliano

2112 5513 2291 5566 Roma:
2316 5529 2496 5582 passus
2522 5527 2619 5567 est.

2188 5584 2202 5620 ί
2241 5583 2536 5636 Eleutltert'i.
2585 5586 2733 5639 Sedit
2779 5600 2947 5638 annos
2992 5584 3097 5647 ‘28,
3130 5600 3338 5639 menses
3378 5590 3433 5650 8,
3465 5587 3579 5642 dies
3606 5587 3658 5644 9.

2113 5652 2288 5725 Hujus
2325 5655 2661 5721 episcopatus
2714 5662 2837 5708 ante
2886 5672 2989 5725 an.
3012 5656 3134 5719 555,
3163 5656 3365 5709 initium
3400 5660 3656 5725 sumpsit;

2112 5739 2174 5777 eo
2207 5724 2345 5778 enim
2377 5738 2516 5777 anno
2547 5724 2909 5779 Aurelianeusi
2958 5724 2995 5777 Il
3046 5725 3269 5780 concilio
3307 5724 3612 5796 subscripsit
3639 5750 3651 5779 .-
