4022 6200
425 332 554 390 luat

1539 332 1732 389 SECT.
1778 334 1839 387 ΙΙ.
1876 365 1943 374 -—
1983 334 2543 395 MARTYROLOGIA.

3536 345 3674 400 109.2

1675 423 1898 478 EDITIO
1936 425 2393 483 COLONIENSIS.

416 513 626 568 militis.
662 513 716 570 in
745 513 936 569 Galliis
973 514 1189 569 civitate
1220 514 1519 569 Arelatensi
1561 517 1730 569 sancti
1773 514 1990 570 Caesarii
2020 526 2076 581 Α
2172 521 2229 574 Β.
2291 522 2330 573 V
2376 523 2613 578 KALEND.
2671 524 2938 580 Serrane.
2998 523 3181 580 Natale
3238 527 3375 583 beati
3436 528 3670 587 llermoti

419 606 650 677 ep'scopi
689 616 741 661 et
769 606 1117 667 confessoris,
1146 607 1245 659 viri
1278 606 1427 660 mirae
1459 606 1782 661 sanctitatis.
1814 609 1995 678 Augu-

422 696 647 753 sturluno
678 696 847 750 sancti
875 697 1041 765 Siagri
1066 697 1302 765 episcopi
1339 705 1394 752 et
1424 696 1769 752 confessoris.

2107 614 2377 682 martyris.
2414 614 2561 668 Hunc
2597 615 2781 667 beatus
2815 616 3115 691 Alexander
3144 632 3275 685 papa
3310 618 3456 671 urbis
3486 618 3671 672 Romae

2105 717 2223 755 eum
2255 712 2397 757 esset
2426 705 2723 772 praefectus,
2766 704 3053 773 baptizavit
3094 720 3212 758 cum
3262 720 3427 761 uxore
3463 715 3519 761 et
3548 708 3672 761 [iliis

1653 792 1878 847 EDITIO
1918 793 2413 857 BULLANDIANA.

494 880 683 937 Florus
708 880 760 934 in
785 878 848 933 A.
898 878 963 934 Τ.
1005 878 1089 946 L.,
1135 879 1350 933 Arelato
1396 881 1609 936 civitate
1653 882 1917 947 depositio
1940 887 1997 937 8.

425 983 449 1009 ⁸
481 971 704 1027 (ἰωειπίἰ
757 970 1022 1039 martyris.
1078 967 1145 1022 Et
1174 970 1225 1022 in
1248 969 1479 1041 Egypto
1527 971 1740 1026 civitate
1773 973 1997 1027 Oxiren-

423 1067 593 1118 chena
646 1060 900 1134 [civitate
924 1060 1291 1115 Oxirenchena
1331 1061 1467 1114 deest
1511 1062 1561 1115 in
1611 1060 1714 1133 L.]
1763 1063 1994 1117 sedecim

425 1164 724 1224 martyrum
750 1192 765 1218 ,
818 1166 1043 1221 quorum
1089 1162 1236 1221 gesta
1280 1153 1561 1220 habentur,
1604 1156 1691 1224 qui
1736 1158 1918 1211 bestiis
1945 1165 2000 1211 et

425 1247 543 1314 igne
572 1245 842 1314 superatis
868 1286 882 1309 ,
915 1244 1091 1313 gladio
1115 1244 1499 1300 occubuerunt.
1544 1246 1742 1301 Eodem
1770 1247 1856 1301 die
1886 1248 1997 1302 Ro-

427 1352 525 1391 ma:
551 1336 731 1406 passio
772 1333 799 1371 ι’
845 1333 1073 1388 Nemesii
1122 1334 1329 1389 diaconi
1371 1346 1426 1391 et
1456 1336 1672 1391 Lucilhe
1712 1338 1834 1393 lilia:
1863 1339 1999 1407 ejus,

426 1426 513 1497 qui
560 1425 753 1495 capitis
804 1426 1049 1491 plexione
1084 1425 1397 1493 jubentibus
1432 1433 1453 1461 ο
1490 1428 1772 1483 Valeriano
1794 1440 1846 1483 et
1875 1427 1999 1484 Gal-

428 1520 570 1574 lieno
617 1517 927 1571 consnlibus
970 1516 1039 1570 ob
1087 1517 1474 1573 confessionem
1524 1518 1721 1574 Christi
1757 1520 1873 1575 sine
1900 1534 1997 1573 au-

428 1608 627 1664 dientia
660 1606 918 1675 perempti
947 1618 1089 1662 sunt.

2182 886 2345 941 Vacat
2389 891 2815 957 supplementum
2866 888 2956 954 D.,
3000 889 3100 943 nisi
3130 892 3269 959 quod
3303 893 3669 946 recentissima

2108 973 2263 1029 manu
2298 959 2606 1028 inscriptum
2648 960 2717 1011 sit
2748 975 2936 1012 nomen
2970 962 3154 1029 Syagri
3189 963 3446 1028 episcopi.
3485 962 3544 1015 V.
3573 963 3663 1025 C.,

2107 1024 2475 1114 lti‘ll.uca_tti;i
2523 1030 2754 1114 civitate"
2784 1024 3305 1114 Felicis.,'§‘avirt‘tiani
3354 1030 3459 1114 [γ.
3506 1024 3672 1114 Saba-

2107 1095 2312 1167 niani],
2363 1099 2609 1151 Honorati
2645 1107 2699 1151 et
2723 1100 2780 1152 S.
2814 1099 3007 1152 Rufini.
3039 1100 3124 1163 T.,
3154 1100 3219 1153 Et
3245 1095 3417 1167 passio
3446 1112 3665 1155 sancto-

2106 1183 2222 1221 rum
2249 1177 2559 1233 martyrum,
2592 1177 2614 1204 ε
2649 1168 2870 1232 Felicis,
2906 1170 3114 1237 Georgii
3159 1172 3434 1234 monachi,
3486 1171 3671 1224 Libin-

2104 1251 2201 1300 ξω,
2235 1238 2430 1291 Aurelii
2480 1251 2638 1305 atque
2668 1238 2905 1291 Natalize.
2951 1241 3143 1292 Eodem
3172 1240 3259 1295 die
3308 1242 3582 1293 translatio
3608 1243 3665 1294 8.

2109 1305 2126 1343 τ
2161 1308 2365 1373 Sulpitii
2396 1308 2649 1375 episeopi.
2704 1309 2785 1369 Β..
2834 1310 3058 1362 Arelatis
3104 1309 3365 1375 depositio
3394 1312 3452 1365 8.
3485 1320 3509 1357 ε
3549 1310 3667 1363 Ca2-

2102 1380 2227 1431 satii
2256 1378 2508 1444 episcopi.
2544 1379 3003 1445 Constantinopoli
3046 1379 3139 1447 SS.
3166 1381 3286 1433 Ullii
3332 1391 3386 1435 et
3413 1381 3669 1447 Stephani

2102 1447 2329 1519 diaconi.
2379 1449 2758 1519 Augustoduno
2805 1449 2978 1501 natale
3022 1447 3081 1519 S_.
3106 1445 3135 1485 δ
3166 1450 3289 1517 Agri
3320 1445 3575 1519 episcopi.
3610 1451 3667 1502 Β.

2101 1522 2163 1569 A.
2194 1518 2255 1570 Τ.
2294 1518 2380 1580 L.,
2417 1520 2467 1568 In
2500 1518 2674 1585 Capua
2706 1520 2875 1572 natale
2902 1520 2958 1572 8.
2994 1527 3008 1554 ι
3042 1517 3214 1586 Ruphi
3247 1517 3513 1589 martyris.

2166 1607 2407 1660 ‘28.—V
2450 1607 2582 1662 KAL.
2613 1608 2795 1663 Natale
2841 1608 2942 1662 S.l
2984 1608 3254 1664 Hermetis
3300 1611 3572 1679 martyris.
3619 1609 3671 1662 itt

1801 1703 2002 1758 SHITII
2044 1700 2273 1755 NUT/E.

428 1810 533 1851 non
571 1794 729 1866 igitur
761 1807 874 1863 post
900 1812 990 1849 an.
1049 1796 1145 1850 56!
1180 1794 1244 1847 ad
1272 1795 1438 1849 caelos
1471 1796 1745 1861 migravit,
1773 1797 1838 1849 ab
1865 1811 2004 1849 anno
2040 1799 2080 1855 Β
2112 1811 2211 1866 una
2242 1809 2359 1866 cum
2408 1794 2465 1849 S.
2521 1795 2902 1865 Symphronio,
2955 1795 3224 1866 Olympio,
3275 1798 3565 1864 Esuperia,
3615 1808 3671 1852 et

430 1866 572 1921 enim
607 1864 713 1919 555
739 1867 803 1920 ad
834 1882 1031 1921 annum
1055 1867 1151 1921 56l
1189 1875 1533 1918 numerantur
1561 1869 1683 1918 anui
1719 1867 1807 1921 28.
1875 1868 1996 1921 Ideo

432 1952 537 1991 non
568 1936 778 2005 attigit,
830 1948 883 1990 ut
914 1938 1103 2005 legitur
1131 1936 1182 1989 in
1224 1935 1450 1988 llistoria
1475 1937 1849 2005 episcoporum
1880 1940 1994 1989 Att-

433 2004 640 2059 tissiod.
673 2007 808 2072 apud
840 2004 1032 2062 Labbei
1078 2007 1207 2060 Bibl.
1252 2005 1410 2069 Nov.,
1444 2020 1479 2070 I,
1511 2004 1637 2072 419,
1671 2007 1862 2060 Justini
1894 2009 1992 2060 mi-

431 2078 578 2129 noris
629 2085 864 2145 tempora
893 2116 908 2139 ,
960 2079 1046 2143 qui
1088 2091 1192 2129 non
1240 2085 1363 2128 ante
1409 2090 1496 2129 an.
1540 2074 1643 2127 563'
1690 2075 1995 2130 Iustiniano

432 2144 711 2199 successit.
744 2144 816 2202 'S.
853 2147 1189 2202 Eleutherius
1216 2146 1460 2198 cnnciliis
1496 2145 1997 2213 Aurelianensihus,

435 2213 500 2274 ll,
528 2230 668 2267 anno
696 2214 832 2282 5‘53;
866 2217 953 2279 lll,
981 2231 1120 2271 anno
1149 2215 1288 2279 .558;
1312 2214 1399 2277 IV,
1432 2230 1573 2269 anno
1596 2216 1733 2282 Sil;
1767 2217 1829 2279 V,
1859 2232 1999 2270 anno

434 2285 562 2346 541i,
609 2286 889 2341 celebratis
936 2286 1205 2346 interfuit,
1257 2295 1306 2338 et
1353 2285 1483 2339 obiit
1535 2287 1721 2354 plenus
1769 2287 1995 2351 dierum,

436 2356 855 2425 ronjunctusqne
894 2365 977 2411 est
1024 2357 1293 2424 sepultura
1344 2358 1540 2409 SIIIICliS
1585 2357 1997 2424 praedecessori-

437 2426 535 2477 hns
554 2425 664 2479 suis
686 2426 737 2478 in
774 2424 1003 2481 basilica
1032 2428 1088 2481 S.
1131 2424 1379 2479 Germani
1410 2427 1667 2494 episcopi.
1722 2429 1872 2493 Apud
1903 2427 2000 2479 Ba-

437 2497 569 2567 ronii
600 2496 1051 2567 Martyrologium
1106 2497 1222 2566 ejus
1264 2496 1378 2549 dies
1431 2496 1631 2550 Natalis
1678 2500 1849 2564 agitur
1892 2513 1999 2550 xvn

437 2564 863 2635 Kal.§cpteinb.
906 2567 960 2621 lu
993 2564 1248 2635 praedicto
1280 2566 1396 2619 loco
1430 2567 1625 2620 Labbei
1657 2567 1999 2622 Bibliotheca:

440 2650 528 2689 xv]
559 2634 674 2689 Kal.
726 2637 964 2705 ejusdem
998 2634 1237 2701 mensis;
1292 2636 1469 2690 forsan
1518 2637 1676 2706 igitur
1727 2637 2001 2693 translatio

437 2706 680 2774 quaedam
714 2707 870 2761 hodie
900 2708 1219 2763 celebratur.

510 2785 535 2812 ⁸·
570 2776 798 2831 Cmarii.
849 2776 948 2845 Qui
996 2776 1264 2831 territorio
1310 2774 1646 2831 Cabiloneusi
1692 2787 1846 2831 natus
1880 2788 1996 2832 est:

443 2844 512 2899 Et
538 2860 567 2898 a
592 2844 931 2901 Cabiloneusi
960 2848 1214 2915 episcopo
1260 2845 1524 2901 S'.lveStro
1551 2847 1776 2902 clericus
1809 2847 1997 2913 factus,

439 2917 598 2968 etiam
643 2916 706 2969 ad
765 2918 1053 2971 Leriuense
1113 2917 1492 2971 monasterium
1539 2931 1600 2972 se
1647 2918 1996 2983 transferens,

438 2985 742 3053 aliquandiu
775 3002 983 3041 summa
1037 2987 1356 3041 abstinentia
1411 2998 1464 3041 et
1516 2996 1798 3042 sanctitate
1845 2988 1999 3045 vixit.

444 3056 525 3109 Ab
552 3053 797 3129 Eunonio
825 3058 1119 3112 Arelatensi
1155 3057 1379 3126 prtesule
1416 3058 1695 3129 presbyter
1721 3073 2000 3114 consecra-

443 3135 553 3209 tus,
603 3128 654 3180 in
683 3129 826 3209 .ejus.
866 3130 1041 3184 locum
1095 3139 1296 3208 postea.
1334 3129 1525 3209 invitus
1582 3128 1838 3209 διώξεως
1880 3140 1997 3209 est;
2026 3151 2073 3209 ο

450 3199 640 3249 multas
683 3198 1013 3251 inimicorum
1067 3213 1253 3266 passus
1286 3197 1525 3265 injurias,
1573 3200 1777 3263 exsilia,
1812 3201 1997 3255 mortis

445 3268 761 3321 sententiam
806 3270 1065 3336 patienter
1116 3268 1267 3323 tulit:
1299 3278 1351 3322 et
1396 3283 1424 3320 a
1475 3269 1695 3324 Domino
1725 3270 1996 3337 liberatus,

443 3337 602 3390 etiam
638 3351 1003 3404 persecutores
1029 3354 1155 3392 suos
1196 3354 1222 3391 a
1267 3352 1438 3392 morte
1469 3337 1731 3393 liberavit.
1778 3340 2000 3394 Romam

443 3407 508 3457 ad
563 3406 939 3475 Symmachum
985 3422 1172 3475 papam
1228 3409 1375 3461 adiit.
1450 3407 1678 3462 Diversis
1720 3412 1996 3474 conciliis,

444 3477 676 3531 maxime
694 3476 929 3543 Vaseusi,
947 3494 1087 3531 anno
1104 3476 1204 3530 529
1228 3476 1487 3532 interfuit.
1513 3478 1823 3534 Mouasteria
1846 3479 2001 3534 insti-

350 3566 353 3567 ν
448 3546 562 3617 init,
595 3547 896 3617 nmuialiunt
932 3548 1195 3615 prfecipue
1220 3588 1235 3613 ,
1267 3548 1458 3617 quibus
1482 3565 1723 3602 sororem
1755 3564 1902 3602 suam
1939 3550 2000 3603 8.

450 3614 734 3670 (Σωδπὶηηι
769 3616 1025 3685 praefecit.
1081 3621 1159 3672 Ad
1202 3614 1539 3672 statuendum
1570 3620 1628 3673 S.
1658 3618 1872 3673 Caesarii
1897 3620 2006 3673 nhi-

452 3694 563 3739 tum
589 3698 871 3754 sequentes
898 3691 1236 3743 characteres
1276 3690 1637 3757 chronologiri
1685 3690 2003 3745 observandi

448 3767 591 3828 sunt.
633 3758 771 3828 Anni
803 3761 1011 3827 triginta
1049 3758 1160 3828 jam
1190 3760 1503 3814 efﬂuxerant
1530 3776 1557 3811 a
1580 3760 1794 3813 condito
1823 3775 2006 3814 mona-

452 3825 616 3899 sterio
645 3826 696 3899 in
719 3825 1197 3882 sanctimonialium
1223 3831 1471 3899 gratiam,
1495 3845 1614 3882 cum
1655 3830 1712 3884 S.
1744 3830 2007 3883 Caesarius

450 3894 557 3948 vita
588 3898 848 3965 migravit,
880 3908 935 3952 ut
956 3899 1008 3951 in
1036 3900 1151 3965 ejus
1178 3894 1315 3963 Vita,
1340 3915 1400 3961 ll,
1434 3902 1525 3964 56,
1556 3901 1801 3968 legimus.
1864 3900 2006 3954 Istud

450 3970 831 4039 monasterium
878 3982 1000 4023 ante
1045 3972 1240 4025 Alarici
1304 3970 1595 4025 Gothorum
1642 3974 1782 4039 regis
1823 3985 2007 4024 necem

453 4035 719 4104 inceptum
750 4080 763 4103 ,
799 4039 1129 4109 '[licodorico
1160 4040 1322 4094 ltalite
1354 4055 1478 4107 rege
1507 4035 1774 4094 Arelatem
1804 4056 2010 4109 oppug-

451 4115 654 4180 nanle,
702 4108 843 4180 quod
872 4124 1024 4180 anno,
1061 4111 1164 4165 £508
1198 4110 1496 4180 contigisse
1530 4110 1591 4164 V.
1619 4111 1678 4163 C.
1715 4108 2008 4164 Hadrianus

453 4175 693 4230 Valesius
724 4178 772 4230 in
806 4179 896 4232 lib.
928 4195 978 4233 vt
1011 4179 1136 4235 Rer.
1170 4175 1598 4245 Francfprobat,
1627 4196 1874 4234 eversum
1902 4190 2008 4242 est,

452 4245 588 4317 utin
616 4248 830 4302 Ctesarii
880 4250 992 4303 Vita
1039 4266 1076 4315 ι,
1127 4251 1214 4315 15,
1246 4253 1462 4305 dicitur.
1518 4256 1669 4305 Anno
1700 4254 2012 4317 insequente

446 4315 530 4369 vel
555 4322 793 4382 proximo
810 4319 1090 4384 Caesarius,
1109 4320 1432 4375 monasterio
1446 4321 1772 4375 restituendo
1796 4315 2008 4375 manum

448 4384 874 4459 admovet,quod
900 4400 1021 4445 ante
1047 4390 1180 4444 duos
1202 4391 1284 4444 vel
1308 4400 1415 4445 tres
1437 4406 1603 4445 annos
1636 4392 1890 4459 perficere
1906 4406 2011 4445 non

449 4457 643 4523 potuit.
670 4458 895 4514 Proinde
925 4476 1094 4515 annus
1122 4463 1309 4515 mortis
1341 4461 1523 4530 ipsius,
1552 4457 2011 4529 quiannistrigin-

448 4534 496 4579 ta
523 4530 1035 4593 postextedilicatum
1065 4532 1366 4584 cmnobium
1398 4531 1606 4596 accidit,
1629 4547 1767 4584 anno
1788 4530 1893 4584 542
1912 4530 2014 4585 illi-

448 4598 652 4673 gandus
697 4608 798 4653 est.
826 4600 968 4673 Ejus
1002 4601 1170 4673 Vitam
1196 4602 1253 4673 iu
1278 4602 1484 4656 duobus
1511 4602 1661 4657 libris
1692 4602 2011 4671 descriptam

452 4667 568 4719 vide
596 4667 644 4719 in
674 4672 872 4725 sazculo
900 4686 913 4723 ι
939 4671 1301 4727 Benedictino.

524 4735 550 4773 δ
584 4736 828 4812 Nemean“.
872 4741 1022 4796 llunc
1068 4757 1188 4795 cum
1238 4742 1353 4808 ejus
1398 4741 1502 4796 lilia
1548 4741 1851 4808 Stephanus
1882 4757 2014 4812 papa

457 4803 762 4880 baptizavit,
794 4820 848 4869 et
877 4813 1047 4880 ipsum
1080 4803 1382 4866 Nemesium
1417 4803 1683 4866 ordinavit
1710 4803 2011 4868 diaconum.

448 4876 708 4953 Martyres
744 4882 795 4953 hi
846 4876 1095 4935 decollati
1145 4893 1268 4935 sunt
1316 4883 1487 4950 pridie
1530 4893 1813 4951 antequam
1857 4884 2013 4953 Sym-

452 4946 793 5025 phroniusjn
828 4952 946 5025 igne
968 4958 1071 5025 ‘sp‘n
1090 4955 1237 5025 iltlllh
1253 4946 1479 5007 reddidit
1503 4994 1518 5018 ,
1557 4962 1621 5025 ut
1649 4946 1915 5025 scriptum.
1934 4964 2016 5025 est

447 5018 501 5069 in
529 5018 674 5094 Actis
724 5018 979 5094 Stephani
1006 5018 1159 5094 apud
1207 5023 1331 5094 Sur.
1384 5034 1512 5077 tom.
1555 5022 1641 5076 lV.
1673 5018 2013 5094 Symphronii

448 5088 642 5163 natalis
675 5091 754 5143 vel
784 5108 927 5163 sm
952 5088 1069 5163 rvel‘
1099 5109 1244 5146 xxvu
1268 5091 1389 5145 Julii
1425 5096 1476 5147 in
1502 5088 1890 5163 Martyrologiis
1918 5108 2011 5148 ce-

449 5158 716 5233 lebratur;
764 5161 851 5215 die
897 5162 1052 5231 igitur
1099 5166 1431 5231 prmcedente
1471 5166 1538 5219 de
1578 5158 1826 5219 Nemesio
1855 5180 2016 5233 agen-

448 5225 575 5303 du_m
625 5230 847 5286 videtur.
906 5225 1261 5298 Quamobrem
1314 5248 1441 5303 ergo
1488 5235 1540 5287 lii
1582 5238 1646 5287 ad
1694 5234 1834 5290 hunc
1873 5225 2012 5289 diem

450 5311 495 5377 rt
513 5295 775 5377 feruntur,
810 5295 1073 5377 incertum
1104 5304 1332 5377 videtur.
1375 5295 1642 5377 Batonius
1673 5305 1722 5357 in
1744 5306 2016 5377 Martyro-

449 5365 719 5442 log_io_die
757 5387 772 5424 t
818 5372 1005 5427 Octob.
1057 5374 1233 5442 prodit
1274 5376 1371 5427 hos
1412 5374 1574 5430 fuisse
1603 5365 2012 5429 decollatos'vm

449 5436 569 5514 Kal.
597 5438 871 5508 Septemb.
901 5443 957 5499 Si
987 5436 1113 5498 vero
1151 5459 1242 5497 vtu
1271 5443 1388 5498 Kal.
1419 5447 1641 5513 Augusti
1665 5447 2009 5514 assignasset,

453 5508 642 5574 multo,
677 5522 732 5566 ut
786 5515 916 5568 mihi
946 5515 1188 5579 videtur,
1219 5515 1414 5568 rectius
1447 5508 1681 5569 fecisset.
1733 5508 2017 5570 Coleliran-

454 5586 537 5628 tur
566 5591 741 5636 autem
768 5583 817 5635 hi
842 5599 966 5637 xxxi
992 5585 1079 5639 die
1108 5585 1298 5639 Oetob.
1330 5585 1472 5653 quod
1503 5602 1621 5640 cum
1653 5596 1803 5640 antea
1832 5602 2013 5641 eorum

450 5660 675 5723 corpora
704 5668 731 5704 a
765 5656 919 5706 beato
944 5655 1219 5722 Stephano
1249 5656 1457 5723 sepulta
1480 5666 1679 5719 essent,
1710 5672 1739 5709 a
1773 5657 1829 5710 Β.
1863 5656 2016 5712 S:xto

453 5714 728 5795 via'Appia
753 5737 815 5795 ea
843 5724 929 5778 die
980 5714 1254 5779 honestius
1302 5714 1552 5779 tumulata
1575 5766 1589 5791 ,
1620 5714 1721 5780 eta
1754 5728 2014 5795 Gregorio

454 5791 652 5854 Quinto
681 5795 734 5848 in
766 5792 1061 5852 diaconiatn
1093 5797 1151 5854 S.
1177 5795 1355 5853 Maria:
1397 5797 1555 5853 Non:
1589 5796 1839 5854 translata
1865 5791 2009 5866 Sunt,

2040 4504 2089 4562 D

2109 1865 2402 1917 Tlicoduln.
2444 1866 2570 1935 Quae
2602 1877 2900 1919 sanctorum
2932 1865 3154 1933 corpora
3186 1906 3201 1930 ,
3234 1867 3491 1935 Gregorio
3522 1866 3664 1931 XIII,

2101 1950 2313 1987 summo
2345 1934 2612 2002 pontifice,
2646 1935 2835 1987 ibidem
2870 1935 3104 2001 inventa,
3128 1938 3227 2005 sub
3252 1934 3405 1991 altari
3431 1938 3668 2002 ejusdem

2102 2006 2343 2058 ecclesiae
2387 2005 2827 2059 honorilicentius
2867 2006 3124 2059 collocata
3166 2016 3292 2061 sunt
3322 2023 3371 2061 Vl
3416 2007 3533 2061 ldus
3566 2008 3668 2061 De-

2100 2075 2273 2128 cemb.
3443 2121 3459 2127 -

2175 2153 2197 2181 ε
2244 2143 2533 2198 Valeriano.
2569 2144 2657 2199 Sc.
2702 2161 2843 2198 anno
2888 2146 3082 2200 Christi
3116 2146 3369 2213 “31254,
3409 2148 3491 2201 vel
3529 2147 3671 2209 255;

2103 2214 2362 2268 ambobus
2408 2220 2547 2268 enim
2594 2216 2739 2269 bisce
2786 2217 2937 2272 annis
2972 2217 3287 2272 Valerianus
3317 2229 3373 2272 et
3398 2217 3670 2273 Gallienus

2101 2285 2429 2337 consulatum
2454 2299 2690 2353 gessere.

2173 2356 2195 2389 ά
2229 2353 2479 2427 l_._ucania.
2506 2356 2565 2427 rln
2615 2356 2853 2409 Polcntia
2882 2356 3112 2411 civitate.
3142 2357 3363 2413 Hieron.
3395 2357 3669 2427 Martyrol.

2175 2435 2197 2463 ο
2234 2424 2441 2479 Felicis.
2477 2426 2537 2478 lli
2569 2441 2755 2479 omnes
2784 2428 3046 2494 Gord-tbte
3077 2428 3216 2492 passi
3245 2439 3369 2481 sunt
3396 2433 3446 2481 itt
3482 2424 3674 2492 Ilispa-

2102 2494 2211 2549 nia.
2245 2495 2439 2549 Liliosa
2470 2496 2566 2548 fuit
2596 2496 2701 2548 ﬁlia
2734 2496 2943 2558 Felicis,
2968 2505 3023 2550 cl.
3051 2496 3258 2550 Natalia
3288 2513 3423 2553 uxor
3445 2499 3669 2552 Aurelii.

2101 2564 2357 2631 Georgius
2384 2564 2435 2618 in
2469 2574 2608 2619 terra
2642 2567 3036 2620 Bethleemitica
3068 2578 3243 2620 ortum
3278 2567 3482 2630 habuit,
3515 2580 3562 2622 et
3595 2566 3667 2621 ‘25

2102 2639 2253 2706 annis
2282 2634 2421 2703 apud
2464 2637 2843 2690 monasterium
2888 2636 2949 2691 S.
2974 2636 3132 2691 Sabre
3158 2638 3258 2691 sub
3301 2639 3529 2706 regulari
3562 2653 3675 2690 ma-

2102 2705 2319 2771 gisterio
2367 2714 2715 2761 conversatus
2758 2716 2860 2760 est.
2893 2708 2991 2771 Qui
3037 2708 3102 2760 ab
3149 2708 3340 2760 abbate
3370 2705 3560 2760 ’David
3603 2710 3673 2759 ob

2102 2775 2424 2841 stipendium
2471 2776 2848 2829 monachorum
2882 2776 2932 2829 in
2977 2776 3205 2830 Africam
3250 2777 3508 2841 directus,
3552 2777 3676 2831 inde

2108 2845 2159 2898 in
2195 2845 2500 2914 Hispaniam
2531 2845 2740 2900 hortatu
2771 2846 3200 2913 Carthaginensis
3240 2847 3473 2915 episcopi
3521 2846 3680 2914 proli-

2102 2914 2344 2979 ciscitur,
2376 2916 2463 2968 ubi
2494 2930 2613 2968 cum
2641 2916 2752 2968 suis
2782 2916 2927 2970 hisce
2956 2916 3115 2969 sociis
3147 2914 3458 2986 martyrium
3491 2931 3679 2986 passus

2102 2994 2211 3048 est;
2245 3000 2364 3037 nam
2392 3000 2512 3039 cum
2552 2988 2662 3053 ipse
2688 2987 2913 3040 diversis
2943 2986 3170 3039 stimulis
3200 2986 3480 3051 laceratus,
3510 2988 3673 3040 calci;

2104 3054 2202 3108 bus
2233 3056 2529 3124 pugnisque
2556 3056 2843 3110 satellitum
2869 3056 3214 3110 acerbissime
3244 3057 3557 3111 vulneratus
3584 3072 3669 3110 es-

2104 3136 2216 3191 set;
2243 3135 2298 3180 et
2327 3125 2545 3179 Natalia:
2592 3127 2761 3180 avulsi
2805 3128 2994 3194 capitis
3039 3127 3247 3195 capilli,
3277 3138 3328 3180 ct
3373 3127 3673 3180 immaniter

2147 3212 2321 3262 noque
2365 3198 2553 3265 pugnis
2580 3196 2895 3264 crederetur,
2927 3197 3152 3263 primum
3201 3197 3450 3261 Felicem,
3482 3197 3676 3250 deinde

2147 3212 2321 3262 noque
2365 3211 2553 3265 pugnis
2580 3211 2895 3264 crederetur,
2927 3212 3152 3263 prunum
3202 3211 3450 3261 rencem,
3482 3211 3676 3250 demde

2107 3211 2628 3338 georgiutn,postea
2658 3265 2927 3332 Liliosam,
2960 3278 3117 3330 atque
3148 3268 3213 3320 ad
3244 3278 3539 3338 extremum
3570 3268 3678 3321 An-

2104 3337 2292 3390 relium
2321 3345 2376 3391 et
2416 3335 2679 3390 Nataliam
2711 3338 2883 3403 gladio
2915 3346 3276 3405 peremerunt.
3305 3335 3503 3404 Sumus
3548 3349 3677 3390 tom.

2106 3405 2192 3459 ιν.
2226 3407 2300 3461 De
2332 3407 2412 3460 his
2451 3408 2588 3470 apud
2632 3408 2916 3461 Baronium
2948 3409 3120 3476 agitur
3152 3422 3296 3462 xxv"
3327 3409 3479 3473 Julii,
3524 3418 3677 3475 prout

2106 3483 2161 3529 et
2187 3476 2238 3529 in
2270 3478 2461 3530 tabulis
2495 3477 2743 3530 Ecclesia:
2766 3478 3147 3531 Cordubensis.

2183 3543 2202 3583 ί
2238 3546 2473 3615 Sulpitii.
2507 3546 2583 3599 De
2614 3548 2712 3600 hac
2756 3547 3102 3600 translatione
3132 3548 3208 3601 sic
3238 3548 3422 3601 scribit
3472 3547 3682 3599 Bollan-

2107 3613 2206 3666 dus
2235 3615 2288 3669 in
2318 3613 2543 3681 Sulpitio
2590 3617 2681 3669 l’io
2709 3618 2961 3684 episcopo
2990 3617 3299 3670 Bituricensi
3332 3617 3419 3670 die
3450 3631 3558 3668 xvit
3587 3616 3675 3668 Ja-

2107 3687 2317 3739 nuarii:
2352 3702 2369 3736 t
2403 3688 2469 3739 At
2498 3701 2704 3739 rursum
2747 3702 2887 3739 xxvii
2928 3687 3147 3755 Augusti
3188 3686 3522 3741 Carthusiani
3570 3685 3675 3739 Co-

2110 3755 2217 3807 lon.
2256 3757 2305 3808 in
2350 3757 2600 3810 Auctario
2632 3756 2696 3809 ad
2742 3756 3066 3818 USutrdutn,
3107 3757 3338 3810 Belliuus
3386 3758 3452 3810 de
3504 3756 3678 3809 Padua

2108 3824 2237 3877 edit.
2288 3826 2454 3879 Paris.
2483 3842 2572 3879 an.
2604 3825 2771 3888 1521,
2818 3825 3091 3895 Martyrol.
3134 3828 3537 3888 Germanicum,
3579 3826 3680 3879 ista

2109 3895 2346 3949 habent:
2379 3897 2636 3950 Bituricas
2673 3898 2886 3951 civita'e
2930 3899 3201 3952 translatio
3232 3899 3289 3953 S.
3316 3897 3525 3964 Sulpitii
3556 3895 3675 3960 epi—

2109 3968 2258 4034 sc0pi
2306 3978 2360 4021 et
2401 3967 2739 4021 contessoris.
2772 3985 2791 4019 ι
2845 3968 3099 4035 Ejusdem
3148 3967 3441 4023 meminere
3481 3982 3546 4021 eo
3589 3967 3675 4020 die

2110 4037 2349 4103 quietiam
2383 4052 2510 4093 mss.
2536 4048 2589 4092 et
2613 4038 2908 4091 SauSSaius.

2184 4115 2208 4178 tt
2242 4106 2469 4161 Ctesarii.
2503 4109 2573 4161 De
2605 4110 2705 4162 hoc
2732 4108 2849 4162 vide
2880 4109 2929 4162 in
2959 4118 3222 4163 commate
3251 4109 3601 4178 praecedente.

2182 4173 2211 4211 ¹ι
2242 4178 2386 4247 Agri.
2413 4178 2593 4232 Potius
2623 4179 2833 4246 Siagrii.
2869 4179 3066 4245 Scribit
3101 4178 3169 4231 de
3197 4173 3265 4232 eo
3287 4180 3445 4247 Greg.
3477 4178 3676 4247 Turou.

2114 4247 2185 4300 lib
2226 4246 2299 4301 de
2336 4258 2470 4316 gest.
2503 4249 2716 4311 Franc.,
2742 4264 2792 4309 v,
2823 4247 2885 4310 5;
2922 4263 2999 4313 ix,
3026 4246 3097 4298 ‘25
3120 4257 3174 4301 et
3214 4250 3303 4308 4|,
3332 4246 3474 4313 etis,
3504 4246 3596 4308 28,
3623 4257 3679 4299 ct

2115 4316 2166 4370 in
2199 4317 2314 4385 ejus
2359 4320 2492 4372 llist.
2536 4318 2728 4372 Frauc.
2775 4319 3037 4383 Epitome,
3083 4333 3204 4385 cap.
3233 4317 3322 4373 89.
3357 4318 3472 4371 Ado
3519 4316 3679 4371 Vien-

2115 4389 2293 4441 nensis
2319 4388 2368 4441 in
2400 4387 2577 4442 Chron
2627 4403 2766 4442 anno
2793 4389 2896 4441 575
2924 4388 3154 4457 appellat
3183 4405 3304 4442 eum
3336 4388 3504 4441 virum
3534 4402 3677 4439 sumo

2116 4473 2215 4511 mae
2234 4459 2545 4526 sanctitatis,
2563 4462 2913 4526 eumdemqne
2936 4470 3158 4512 testatur
3180 4458 3484 4513 interfuisse
3506 4460 3679 4526 primo

2117 4530 2340 4582 concilio
2369 4530 2761 4583 Matisconcnsi.
2797 4531 3045 4583 Pervenit
3074 4531 3231 4583 etiam
3264 4529 3330 4581 ad
3358 4540 3592 4591 tempora
3618 4528 3678 4583 S.

2119 4597 2357 4667 Gzegorii
2391 4614 2560 4670 papae,
2585 4600 2737 4668 cujus
2764 4600 2831 4655 ad
2856 4600 3103 4653 eumdem
3135 4609 3345 4652 exstant
3373 4599 3553 4670 plures
3575 4598 3685 4670 epia

2116 4670 2289 4722 διυιςιξ.
2321 4671 2436 4738 Ipse
2461 4669 2639 4724 autem
2675 4673 2893 4723 Romam
2926 4672 3093 4732 venit,
3122 4669 3537 4736 subscripsitque
3569 4669 3679 4736 pri-

2118 4739 2309 4807 vilegio
2338 4754 2596 4795 concesso
2632 4741 2881 4793 Ecclesia;
2912 4740 2969 4794 8.
2996 4739 3250 4804 Medartli,
3284 4739 3570 4793 inztictione
3591 4753 3689 4789 utt-

2116 4809 2341 4875 tlecima,
2371 4824 2512 4864 anno
2543 4811 2668 4875 593,
2699 4825 2814 4877 quae
2846 4812 3059 4864 circiter
3104 4819 3341 4879 tempora
3372 4810 3568 4862 obiisse
3598 4823 3680 4861 vr-

2115 4881 2287 4933 dclur.

2192 4949 2206 4985 ί
2257 4948 2450 5018 Ruphi.
2500 4951 2671 5007 Rufus
2726 4961 3042 5021 cumgesset
3096 4951 3329 5019 patricia:
3373 4950 3685 5021 dignitatis,

2116 5021 2436 5087 Apollinaris
2466 5023 2743 5089 episcopus
2771 5024 2828 5075 8.
2859 5019 2999 5074 Petri
3029 5021 3325 5090 discipulus
3374 5019 3532 5074 tiliam
3564 5024 3680 5085 ejus

2115 5106 2143 5142 a
2179 5096 2397 5145 mortuis
2438 5092 2733 5156 suscitavit,
2764 5093 3043 5159 ipsumque
3074 5095 3123 5145 in
3163 5093 3263 5144 Iide
3292 5092 3472 5145 docuit
3500 5101 3552 5143 et
3583 5092 3677 5142 ba-

2117 5163 2332 5228 ptizavit
2362 5179 2461 5216 una
2496 5179 2614 5217 cum
2649 5164 2753 5216 tilia
2793 5173 2846 5215 et
2892 5175 3056 5215 uxore
3084 5173 3135 5217 et
3168 5162 3366 5215 familia
3396 5161 3680 5231 promiscui

2114 5247 2275 5285 sexus
2302 5249 2524 5288 numero
2549 5234 2672 5298 524,
2700 5243 2757 5286 ut
2779 5232 3033 5299 scriptum
3057 5244 3134 5286 est
3170 5234 3221 5285 in
3252 5236 3499 5287 Passione
3522 5233 3682 5296 Apol-

2117 5302 2299 5357 linaris
2328 5306 2464 5371 apud
2506 5304 2714 5359 Surium
2748 5314 2878 5357 tom.
2906 5302 2992 5357 IV.
3021 5304 3171 5371 Quod
3204 5303 3341 5358 Nero
3368 5305 3543 5357 Caesar
3588 5317 3687 5352 an-

2117 5373 2289 5435 diens,
2322 5375 2491 5442 ipsum
2518 5389 2545 5425 a
2574 5376 2765 5429 ducatu
2798 5374 3063 5428 Ravennae
3090 5376 3335 5426 absolvit.
3356 5374 3488 5428 Cum
3513 5382 3690 5425 autem

2118 5442 2285 5497 liul‘us
2333 5447 2562 5499 veniSset
2607 5445 2861 5514 Capuam,
2906 5455 3082 5499 tentus
3126 5461 3154 5498 a
3202 5446 3398 5499 vicario
3453 5444 3696 5513 prmferti

2118 5514 2420 5579 Mes~alino,
2454 5515 2622 5570 noluit
2651 5518 2951 5571 sacrilicare
2979 5526 3032 5569 et
3059 5516 3352 5571 decollatus
3386 5525 3487 5570 est.
3525 5516 3691 5569 l’nn.

2118 5600 2182 5637 DE
2210 5583 2415 5639 ΝΑτΑι..

2191 5655 2204 5704 i
2250 5653 2522 5710 llermrtis.
2558 5656 2708 5712 Hunc
2760 5658 2846 5727 qui
2899 5658 2995 5710 fuit
3044 5655 3326 5727 prmfcctus
3363 5654 3542 5719 Urbis,
3574 5670 3696 5709 cum

2118 5742 2305 5791 uxore,
2339 5744 2524 5780 sorore
2569 5738 2623 5779 et
2663 5726 2787 5781 liliis
2817 5730 3098 5795 baptizavit
3137 5729 3193 5780 8.
3234 5726 3535 5782 Alexander
3570 5742 3697 5793 pou-

2110 5799 2244 5854 tilia
2298 5802 2601 5866 llomauus;
2650 5815 2754 5869 quo
2800 5810 3034 5871 cognito,
3082 5796 3400 5855 Aurelianus
3440 5812 3623 5855 comes
3663 5811 3693 5848 ο
