4022 6200
385 272 526 330 ’102ῗὶ

1490 278 1684 336 SECT.
1727 281 1790 337 11.
1831 310 1899 321 -
1938 281 2501 339 MARTYROLOGIA.

3518 287 3651 340 1026

1637 397 1859 453 EDITIO
1897 398 2365 457 COLONIENSIS.

379 487 508 532 sant
558 477 761 531 viscera
807 480 943 546 ejus.
991 482 1142 548 Apud
1198 484 1498 542 Sanctonas
1551 492 1718 544 Sancti
1772 492 1968 547 Juliani
2001 499 2048 555 Α
2076 492 2142 547 ad
2172 494 2527 548 secretarium
2572 491 2767 563 judieis
2807 497 2953 544 esset
2994 489 3304 557 perdurtus,
3333 488 3478 557 juxta
3522 502 3657 546 tem-

383 568 621 635 Cpiscopi
648 577 702 622 et
722 570 1066 626 confessoris.
1098 574 1164 627 Et
1192 578 1369 632 natale
1400 582 1569 634 sancti
1598 582 1795 637 Juliani
1828 600 1967 639 inar-

388 659 537 729 tyris.
573 657 700 712 ltem
734 662 912 714 natale
943 666 1112 716 sancti
1149 665 1348 735 Pelagii
1380 673 1656 742 martyris.

458 749 519 803 C.
547 748 614 804 IV
643 749 883 805 KALEND.
915 752 1186 809 Sensus.
1230 757 1413 812 Passio
1459 772 1513 814 et
1551 763 1855 831 decollatio,
1890 767 1970 821 vel

394 844 564 912 potius
594 845 831 899 inventio
857 846 1045 911 capitis
1076 849 1216 901 beati
1242 849 1463 907 Joannis
1509 852 1783 920 Baptistae,
1812 873 1970 926 quem

395 937 651 1001 llerodes,
700 945 759 990 ut
787 940 1132 1007 evangelistaa
1180 942 1440 1008 referunt,
1474 945 1727 1001 decollari
1772 964 1971 1015 praeceo

395 1028 488 1094 pit.
522 1029 703 1081 Romae
735 1028 785 1081 in
839 1031 1102 1083 Aventino
1133 1032 1335 1099 oppido
1380 1034 1729 1101 Vindmense,
1780 1039 1844 1091 ad
1890 1055 1973 1092 ar-

391 1134 511 1175 eum
541 1119 773 1174 Faustini
805 1121 974 1174 beatae
1008 1122 1216 1175 Sabina:
1264 1125 1535 1194 martyris,
1567 1142 1683 1194 qua!
1716 1127 1813 1182 fuit
1842 1145 1976 1183 uxor

394 1211 786 1280 prazclarissimi
818 1211 1085 1280 quondam
1113 1211 1409 1268 Valentini.
1457 1216 1601 1269 llanc
1647 1217 1797 1270 beata
1831 1217 1977 1288 virgo

391 1304 614 1371 Serapia
640 1319 761 1357 vera
793 1303 891 1357 lide
930 1303 1206 1359 instruxit.
1249 1304 1405 1360 Passa
1452 1317 1535 1363 est
1565 1318 1744 1362 autem
1778 1308 1977 1363 l'aniula

392 1394 586 1450 Christi
634 1396 830 1449 Sabina
872 1396 971 1448 sub
1020 1397 1258 1450 Adriano
1299 1398 1646 1465 imperatore,
1692 1400 1788 1453 sub
1837 1414 1978 1469 prte-

396 1486 537 1542 l'ecto
567 1502 781 1558 quoque
829 1487 1067 1555 Elpidio,
1119 1505 1237 1543 cum
1295 1490 1345 1543 in
1402 1492 1737 1546 confessione
1785 1491 1979 1546 Christi

399 1580 730 1646 perduraret,
799 1579 1157 1633 decollatione
1205 1582 1394 1648 capitis
1455 1583 1700 1652 martyrii
1752 1584 1980 1651 palmam

397 1673 587 1741 adepta
619 1680 720 1726 est.
751 1671 914 1742 Cujus
942 1686 1139 1736 corpus
1186 1673 1450 1740 sepultum
1500 1682 1582 1727 est
1633 1675 1685 1727 in
1738 1675 1983 1742 sepulcro

398 1764 539 1833 quod
572 1763 667 1817 sibi
700 1763 810 1831 ipsa
842 1771 1135 1829 paraverat,
1162 1764 1248 1816 ubi
1281 1772 1334 1815 et
1359 1764 1665 1832 magistratu
1696 1765 1974 1831 Serapiam

2076 583 2220 648 plum
2275 580 2514 651 Serapis,
2575 585 2701 635 dum
2755 586 3040 647 cogeretur
3086 579 3152 631 ad
3224 580 3652 648 sacriﬁcandum,

2072 671 2381 726 exstilllavit
2405 673 2458 726 in
2502 673 2690 726 faciem
2724 681 2914 725 stature
2940 685 3115 735 aereae,
3150 680 3203 724 et
3230 672 3405 723 statim
3442 673 3655 729 cecidit.

2074 761 2199 817 Item
2234 763 2424 818 doctus
2456 765 2521 817 ad
2570 764 2814 818 Mercurii
2856 770 3111 829 statuam,
3154 779 3275 831 qua:
3306 764 3464 819 simili
3496 766 3656 820 modo

2073 854 2285 907 cecidit.
2319 853 2447 907 Item
2482 853 2547 907 ad
2575 854 2918 907 simulacrum
2954 852 3158 919 hiatus,
3192 854 3330 921 quod
3360 856 3467 920 pari
3498 856 3656 909 modo

2074 939 2288 995 cecidit.
2335 940 2485 993 Tunc
2533 955 2732 1008 praises
2775 940 2932 1007 jussit
2967 955 3089 993 eum
3121 941 3401 994 decollari.
3432 944 3655 1010 Quidam

2076 1045 2203 1099 ergo
2246 1031 2325 1084 vir
2355 1031 2691 1084 Christianus
2721 1030 2913 1084 obvius
2943 1031 2993 1084 ei
3045 1030 3161 1094 fuit,
3195 1032 3499 1089 hominibus
3539 1034 3659 1102 qui-

2076 1120 2195 1174 dem
2253 1121 2569 1175 absconsus.
2614 1121 2723 1175 Deo
2770 1135 2897 1175 vero
2947 1123 3305 1189 manifestus;
3358 1124 3444 1177 hic
3491 1126 3656 1193 ccepit

2077 1212 2346 1264 clamare:
2384 1211 2556 1277 Ipsuni
2596 1226 2752 1278 quem
2790 1210 2874 1265 hic
2901 1226 3119 1267 sanctus
3149 1214 3305 1267 Pater
3345 1216 3653 1281 confitetur,

2082 1301 2365 1355 Dominum
2392 1300 2574 1356 Jesum
2606 1301 2877 1355 Christum
2923 1302 3063 1355 colo.
3098 1304 3214 1356 Mox
3248 1314 3303 1358 et
3331 1305 3441 1372 ipse
3471 1306 3538 1359 ab
3580 1306 3663 1361 ol-

2080 1393 2202 1446 licio
2244 1392 2483 1460 prwfecli
2511 1392 2961 1459 comprehensus,
2999 1392 3193 1458 pariter
3236 1392 3359 1446 dato
3387 1392 3486 1446 sibi
3518 1394 3661 1460 prius

2081 1483 2263 1535 osculo
2306 1497 2448 1551 pacis
2476 1498 2593 1536 cum
2631 1484 2786 1536 beato
2818 1481 2997 1537 Felice
3025 1483 3319 1536 decollatus
3356 1495 3459 1538 est.
3494 1484 3661 1554 Hujus

2082 1588 2273 1626 nomen
2303 1576 2429 1641 quia
2475 1588 2581 1628 neu
2626 1576 2943 1627 invenerunt
2978 1574 3316 1642 postmodum
3348 1576 3659 1645 Christiani,

2084 1663 2376 1717 Adauctum
2402 1679 2523 1719 eum
2556 1665 2987 1733 appellaverunt,
3021 1682 3086 1719 eo
3122 1668 3266 1734 quod
3297 1677 3486 1722 sancto
3517 1683 3662 1723 mar-

2089 1759 2187 1826 tyri
2221 1759 2380 1812 Felici
2426 1770 2615 1812 auctus
2669 1761 2739 1812 sit
2788 1759 2853 1812 ad
2904 1774 3181 1814 coronam.
3213 1762 3503 1816 Christiani
3534 1777 3662 1819 vero

402 1855 513 1923 ipsa
564 1863 685 1907 ante
733 1853 1070 1907 condiderat.
1122 1853 1207 1906 ltt~
1231 1853 1464 1907 Venusio
1519 1853 1733 1908 civitate
1772 1856 1982 1923 Apulite
2016 1868 2060 1927 Β
2091 1857 2247 1903 noctu
2273 1850 2568 1913 venientes,
2598 1850 2668 1902 ibi
2702 1849 2753 1902 in
2784 1849 2973 1903 eodem
3004 1851 3122 1904 loco
3168 1853 3496 1919 sepelierunt
3540 1867 3658 1908 eos.

402 1947 574 1999 natale
606 1945 799 2000 Felicis
828 1945 1086 2012 episcopi.
1118 1942 1346 1999 Civitate
1394 1945 1739 2001 Tubzozense
1790 1947 1990 2001 Janua-

404 2037 465 2090 rii
504 2037 824 2106 presbyteri,
868 2042 921 2089 et
965 2036 1338 2090 Fortunatiani
1367 2047 1419 2090 et
1446 2037 1666 2106 Septimi
1699 2040 1985 2105 lectorum,

403 2128 495 2196 qni
535 2129 635 2183 sub
680 2128 1005 2183 Diocletiano
1035 2129 1353 2194 imperatore
1394 2146 1424 2184 a
1457 2131 1808 2200 Magdclliano
1854 2148 1982 2202 pro-

403 2230 658 2274 curatore
681 2220 859 2285 gladio
887 2221 1245 2274 consummati
1272 2230 1415 2274 sont.

478 2310 539 2363 D.
576 2311 637 2364 Ill
678 2310 916 2365 Kacsxo.
959 2312 1228 2365 Serrana.
1273 2312 1453 2365 Romze
1487 2311 1567 2365 via
1608 2313 1838 2368 Ostiensi
1868 2328 1991 2367 sau-

404 2401 475 2453 cti
505 2400 698 2455 Felicis
731 2402 1051 2471 presbyteri,
1091 2404 1190 2455 sub
1230 2402 1558 2456 Diocletiano
1589 2412 1643 2457 et
1672 2404 1991 2458 Maximiano

408 2490 851 2561 imperatoribus,
882 2491 1132 2560 priel'ecto
1157 2503 1209 2546 et
1233 2492 1415 2561 judice
1451 2492 1709 2548 Dracone.
1747 2493 1842 2547 llic
1866 2510 1987 2547 cum

2091 1938 2325 2003 Quorum
2357 1954 2579 2007 corpora
2613 1942 2893 1995 voluerunt
2942 1944 3126 2012 pagani
3177 1944 3370 1998 exinde
3406 1943 3666 2011 effodere,

2096 2029 2189 2084 sed
2221 2032 2524 2099 quicunque
2549 2046 2738 2084 manus
2763 2044 3128 2101 apposuernnt
3149 2051 3176 2087 a
3202 2036 3414 2089 diabolo
3436 2036 3667 2104 Correpti

2040 2186 2047 2189 _
2092 2131 2235 2188 sunt,
2270 2123 2355 2176 ubi
2392 2132 2571 2190 postea
2601 2124 2742 2192 pacis
2773 2136 3011 2194 tempore
3038 2128 3254 2182 basilica
3282 2128 3535 2183 fabricata
3565 2140 3672 2185 est.

2097 2216 2158 2266 Et
2182 2215 2352 2268 natale
2378 2227 2576 2270 sanetae
2602 2216 2908 2271 Gaudentiae
2930 2220 3161 2289 virginis,
3197 2236 3316 2274 cum
3338 2221 3456 2276 aliis
3480 2223 3673 2275 tribus.

2099 2308 2166 2362 Et
2195 2309 2456 2376 depositio
2487 2310 2622 2379 Agili
2663 2314 2886 2367 abbatis.

2171 2405 2232 2459 E.
2270 2406 2421 2460 Pam.
2455 2406 2695 2462 KALEND.
2727 2411 2990 2465 SEPTEMB.
3032 2412 3265 2467 Treviris
3297 2414 3469 2468 natale
3508 2411 3677 2466 sancti

2101 2495 2303 2549 Paulini
2332 2498 2569 2565 episcopi
2600 2507 2654 2552 et
2684 2501 3030 2568 confessoris,
3073 2502 3163 2571 qui
3196 2512 3436 2571 tempore
3465 2505 3673 2556 Ariantn

1665 2582 1891 2637 EDITIO
1933 2583 2430 2639 BOLLANDIANA.

485 2668 574 2721 29.
598 2697 669 2709 —
697 2666 759 2721 lV
801 2667 932 2720 KAL.
968 2668 1148 2722 Romzc
1179 2668 1235 2724 S.
1270 2674 1295 2703 ⁸
1320 2670 1529 2723 Sabina:
1580 2672 1803 2741 virginis
1836 2684 1991 2741 atque

416 2762 685 2832 martyris.
717 2760 738 2793 "
769 2762 965 2813 Eodem
994 2761 1081 2813 die
1111 2761 1392 2816 decollatio
1421 2762 1477 2817 8.
1502 2762 1720 2817 Joannis
1746 2764 1993 2833 Baptista:

415 2851 502 2919 qui
535 2854 708 2921 primo
738 2852 787 2905 in
817 2852 1051 2906 Samaria
1081 2854 1323 2907 conditus
1349 2866 1473 2908 tunc
1504 2857 1555 2909 in
1589 2862 1611 2890 ο
1647 2856 1990 2923 Alexandria,

420 2960 576 3015 porro
603 2944 626 2981 ἀ
652 2954 807 3013 caput
832 2946 899 3000 de
950 2945 1329 3016 Hierosolymis
1372 2949 1436 3001 ad
1483 2948 1771 3004 Phoenicia:
1806 2950 1994 3004 urbem

420 3036 679 3089 EuiisSam
710 3037 937 3090 delatmu
966 3048 1065 3090 est.

2099 2675 2174 2727 88
2211 2684 2235 2721 tt
2269 2675 2465 2729 Felicis
2513 2675 2749 2744 episcOpi
2797 2674 3023 2728 civitatis
3068 2673 3446 2735 Tubzocensis.
3477 2682 3533 2730 et
3556 2676 3671 2730 Au-

2101 2764 2238 2818 dacti
2281 2776 2335 2820 et
2364 2767 2603 2821 Januarii
2648 2766 2962 2836 presbyteri,
2993 2776 3046 2820 et
3094 2766 3457 2821 Fortunatiani
3487 2777 3540 2823 et
3580 2768 3680 2825 Se-

2104 2859 2311 2926 ptimini
2336 2858 2599 2914 lectorum
2633 2878 2646 2914 :
2678 2860 2766 2928 qui
2797 2860 3126 2927 temporibus
3160 2858 3473 2912 Diocletiani
3502 2859 3553 2913 in
3582 2875 3677 2913 sua

2105 2950 2322 3005 civitate
2355 2953 2483 3005 tenti
2516 2968 2543 3004 a
2577 2952 2907 3019 Magneliano
2937 2960 3204 3014 curatore,
3235 2951 3355 3003 inde
3386 2952 3564 3004 multis
3590 2951 3680 3005 diu

2105 3044 2331 3096 vinculis
2355 3056 2405 3096 et
2433 3044 2740 3097 carceribus
2768 3042 3053 3103 macerati;
3085 3052 3134 3095 et
3168 3042 3219 3095 in
3248 3042 3424 3095 Africa
3450 3051 3505 3095 et
3531 3045 3579 3097 in
3606 3043 3665 3097 Si

490 3129 652 3201 Addit
680 3128 743 3181 Τ.
772 3145 786 3183 :
820 3128 995 3196 Ipsum
1045 3128 1357 3201 imminente
1403 3128 1689 3184 festivitate
1743 3130 1987 3185 Paschali
2022 3102 2068 3166 θ
2100 3133 2243 3197 cilia,
2277 3133 2491 3186 tandem
2526 3136 2577 3187 in
2626 3133 2899 3187 occisione
2937 3132 3097 3201 gladii
3148 3132 3504 3185 consummati
3535 3142 3682 3186 sunt.

423 3201 586 3253 fuisse
614 3200 929 3252 decollatum
962 3200 1302 3268 evangelista:
1328 3200 1595 3253 declarant
1620 3212 1672 3253 et
1700 3218 1841 3255 anno
1870 3214 1987 3267 post

423 3273 561 3323 hunc
591 3280 845 3336 sequente
871 3283 989 3321 cum
1021 3271 1195 3322 denuo
1234 3280 1442 3335 tempus
1488 3272 1735 3332 paschale
1767 3275 1983 3339 rediret,

421 3353 730 3409 mysterium
777 3339 1058 3409 dominicae
1106 3340 1368 3405 passionis
1410 3344 1733 3404 completum
1768 3354 1869 3395 est.
1902 3344 1990 3409 (3.,

422 3408 487 3462 Et
516 3409 763 3478 pausatioﬁ
798 3408 853 3462 S.
888 3409 1099 3462 llelizaei
1134 3411 1428 3478 prophetae,
1463 3410 1707 3477 discipuli
1738 3411 1791 3465 8.
1829 3412 1921 3465 Hel
1947 3427 1993 3466 ω

418 3486 711 3548 prophetae.
742 3477 805 3534 Β.
832 3480 891 3531 C.
930 3479 1011 3535 V..
1042 3479 1104 3532 Et
1134 3477 1355 3532 aliorum
1387 3489 1408 3515 '~'
1436 3491 1824 3544 nongentorum
1856 3498 1995 3533 inar-

421 3559 594 3619 tyruui
642 3552 727 3617 qui
775 3550 975 3619 eodem,
1011 3549 1097 3601 die
1147 3552 1284 3617 passi
1337 3559 1479 3602 sunt.
1532 3551 1627 3614 'l‘.,
1667 3550 1887 3604 Peronte
1931 3552 1989 3605 8.

427 3618 456 3656 Γ
480 3619 662 3673 Fursei
692 3620 915 3690 abbatis.
951 3618 1036 3681 B.,
1068 3619 1121 3671 ln
1152 3621 1431 3673 Antiochia
1477 3621 1647 3690 Syria:
1689 3623 1862 3675 natale
1892 3623 1993 3676 SS.

427 3689 617 3744 Basilei
662 3700 715 3744 et
765 3689 931 3742 Pauli.
973 3692 1028 3743 lii
1082 3692 1271 3743 Sirmia
1318 3689 1600 3747 natale’S.
1636 3692 1846 3746 Basilla:
1890 3691 1998 3745 \ir-

499 3851 589 3907 30.
616 3880 681 3890 -—-
706 3850 768 3906 111
801 3849 934 3904 ΚΑΙ..
968 3850 1019 3903 In
1072 3849 1301 3905 Venusia
1332 3851 1549 3907 civitate
1594 3854 1800 3922 Apuliae
1832 3853 2006 3908 natale

2096 3225 2257 3281 Felix
2290 3226 2670 3295 quinquaginta
2698 3239 2789 3278 sex
2832 3238 3117 3287 annorum,
3156 3222 3306 3292 virgo
3352 3224 3501 3277 obiit.
3543 3222 3687 3292 (Ha-

2099 3332 2269 3374 etenus
2296 3319 2383 3387 L.)
2412 3320 2548 3375 Sunt
2594 3328 2769 3373 autem
2819 3318 2956 3371 inter
2994 3316 3372 3384 Carthaginem
3402 3327 3457 3370 et
3489 3316 3686 3370 Tibzo—

2103 3425 2220 3463 eam
2252 3410 2424 3482 [Mss.,
2452 3406 2748 3478 Tibiucam]
2784 3408 2955 3461 millia
2988 3422 3238 3475 passuum
3288 3406 3501 3475 triginta
3531 3408 3689 3476 quin-

2105 3518 2232 3572 qtte.

2172 3605 2231 3659 C.
2260 3604 2350 3673 V.,
2406 3608 2586 3660 Romae
2638 3606 2829 3660 natalis
2864 3605 2962 3660 SS.
3019 3604 3211 3658 Felicis
3242 3611 3297 3659 et
3326 3604 3566 3658 Andacti.
3602 3606 3688 3673 Β..

2108 3675 2310 3730 Eodem
2342 3678 2424 3731 die
2454 3680 2509 3730 8.
2536 3679 2773 3731 cherae.

2182 3767 2267 3822 5i.
2290 3798 2359 3809 —
2384 3770 2441 3823 ll.
2469 3769 2600 3824 ΚΑι..
2633 3769 2793 3823 Vacat
2823 3768 2978 3822 Baeda
3008 3783 3105 3822 nec
3130 3783 3233 3821 non
3262 3782 3360 3820 ms.
3391 3768 3450 3822 D.
3478 3768 3530 3821 in
3560 3783 3691 3838 sup-

2115 3858 2401 3927 pleuiento.

1825 3988 2029 4043 SMITH
2073 3989 2299 4045 NOTAE.

503 4108 525 4134 °
559 4100 783 4155 Sabinis.
813 4098 941 4163 Quze
982 4111 1133 4167 passa
1163 4106 1244 4151 est
1278 4106 1514 4166 tempore
1560 4099 1803 4153 Hadriani
1837 4101 2004 4167 impe-

433 4171 624 4227 ratoris
672 4172 771 4223 sub
821 4172 1068 4232 praelecto
1109 4168 1262 4222 Urbis
1292 4167 1523 4235 Etpidio.
1557 4171 1679 4224 11ωο
1728 4173 1824 4224 t'uit
1874 4188 2006 4225 uxor

432 4243 708 4307 cujusdam
759 4239 1146 4305 prta-clarissimi
1200 4239 1495 4301 Valentini,
1527 4252 1579 4295 et
1629 4242 1731 4294 lilia
1785 4240 2009 4296 Herodis

437 4311 739 4366 metallarii.
767 4311 895 4376 Quae
940 4324 966 4360 a
1005 4308 1061 4363 8.
1089 4308 1367 4375 Serapliia,
1398 4313 1549 4375 cujus
1591 4328 1786 4375 corpus
1831 4324 2010 4379 postea

438 4385 549 4448 ipsa
596 4381 790 4435 Sabina
838 4380 1109 4445 sepelivit,
1158 4393 1414 4432 Conversa
1464 4390 1549 4434 est
1590 4385 1653 4433 ad
1708 4382 2011 4436 Dominum.

2121 4103 2240 4159 Kal.
2273 4104 2404 4156 Mart
2433 4141 2448 4164 .
2474 4110 2526 4153 et
2555 4100 2886 4154 Marcellinus
2916 4099 2966 4153 in
2997 4098 3264 4155 Chronico
3293 4101 3431 4167 quod
3463 4117 3583 4157 ulv
3606 4100 3694 4157 die

2123 4175 2389 4229 Februarii
2441 4175 2685 4234 Baptista;
2714 4180 2874 4239 caput
2921 4170 3114 4225 iterum
3163 4172 3507 4225 inveniretur.
3562 4173 3689 4226 Vide

2122 4260 2276 4311 supra
2306 4259 2422 4295 μιν
2454 4244 2611 4294 Febr.

2206 4317 2227 4342 ⁸
2261 4313 2665 4380 Nougemornm.
2702 4309 2775 4364 De
2801 4308 2882 4363 his
2929 4309 3185 4378 postridie
3230 4310 3341 4379 agit
3382 4310 3689 4383 Hieronym.

2126 4386 2572 4443 Martvrologintn.

440 4446 568 4506 Post
597 4452 904 4520 martyrium
941 4450 1227 4520 Serapliite
1263 4450 1544 4520 B.Saliiiiti
1593 4468 1731 4503 anno
1778 4452 1887 4506 fere
1930 4454 2015 4505 in-
2052 4451 2135 4509 Ι).
2200 4451 2218 4491 ί
2266 4446 2468 4507 Fursei.
2525 4453 2676 4505 llnnc
2740 4450 2898 4504 hodie
2960 4449 3296 4505 laudabiliter
3346 4452 3507 4502 vitam
3576 4449 3697 4504 lini-

441 4534 589 4591 tegro
624 4519 978 4588 elee’mosynis
1012 4519 1278 4591 incubuit.
1313 4519 1533 4573 Demnin
1567 4534 1594 4572 a
1628 4520 1880 4590 praefecto
1913 4524 2016 4577 Ur-

443 4589 523 4646 bis
556 4592 760 4658 Elpidio
790 4589 1173 4657 comprehensa
1203 4589 1705 4655 eoinpellebatnr'ut
1743 4592 2017 4647 Christum

443 4673 698 4732 negaret:
732 4677 848 4732 uiue
878 4676 996 4714 com
1045 4661 1207 4713 nollet
1253 4661 1406 4732 idolis
1454 4663 1609 4713 tliura
1653 4662 1798 4727 dare,
1830 4665 2018 4718 accol-

446 4730 547 4786 lata
598 4742 700 4784 est.
741 4731 902 4797 Cujus
947 4745 1139 4798 corpus
1180 4746 1207 4781 a
1258 4730 1574 4800 Christianis
1621 4736 1890 4800 sepultum
1941 4745 2023 4788 est

447 4808 498 4856 in
529 4802 723 4869 oppido
771 4801 1039 4854 VittdiCttSl
1083 4801 1147 4853 ad
1199 4804 1391 4854 Arcum
1441 4799 1703 4859 Faustini.
1744 4805 1909 4857 Pera.
1956 4819 2020 4859 nt:

444 4874 654 4929 NATAL.

521 4944 548 4982 δ
580 4943 639 4996 1).
671 4943 799 5014 Haec
824 4943 898 5014 de
920 4941 1279 4996 Decollatione
1317 4941 1374 4997 S.
1404 4942 1623 4998 Joannis
1654 4944 1905 5014 Baptistae
1937 4946 2026 4999 lia-

446 5015 538 5072 bet
566 5016 629 5066 ad
661 5012 818 5065 linem
850 5013 954 5065 diei
983 5014 1273 5079 sequentis.

526 5094 548 5121 ε
576 5083 903 5136 Alexandria.
928 5083 999 5136 De
1023 5084 1393 5137 Translatione
1420 5084 1759 5153 reliquiarum
1784 5085 1843 5141 8.
1868 5085 2027 5139 Joan-

455 5156 536 5209 nis
572 5154 821 5221 Baptistae
851 5168 911 5206 es
944 5153 1165 5206 Sebaste
1206 5154 1498 5207 Palatstinie
1542 5156 1671 5208 urbe
1714 5157 1766 5209 in
1801 5158 2029 5210 Alexan-

454 5227 624 5278 driam
662 5227 813 5287 plene
838 5224 1009 5292 agitur
1034 5224 1084 5275 in
1115 5223 1285 5277 Btedte
1311 5224 1574 5279 Chronico
1604 5226 1703 5280 sub
1724 5226 1953 5290 Juliano,
1979 5235 2031 5280 et

456 5299 510 5350 in
547 5295 721 5347 Hulini
755 5295 888 5347 llist.
916 5310 967 5353 ιι,
994 5293 1082 5347 ‘28.

526 5367 555 5405 ἀ
586 5364 771 5427 Caput.
804 5365 970 5431 Caput
1011 5364 1128 5433 ejus
1173 5364 1237 5416 ad
1293 5366 1580 5418 Sozomen.
1619 5380 1711 5431 vn,
1745 5366 1837 5433 21,
1869 5366 2033 5435 impe-

456 5437 650 5492 ratoris
685 5434 967 5487 Theodosii
1003 5436 1328 5502 temporibus
1358 5436 1589 5488 delatum
1619 5447 1701 5491 est
1731 5434 2033 5491 Constanti-

459 5505 714 5575 nopolim.
741 5503 815 5558 De
840 5508 1069 5557 secunda
1096 5505 1400 5558 inventione
1424 5506 1588 5559 etiam
1615 5508 1732 5571 ejus
1760 5510 1947 5573 capitis
1982 5509 2032 5560 in

463 5574 722 5631 Emesena
752 5575 965 5647 civitate
1006 5576 1165 5629 hodie
1193 5576 1365 5642 agitur
1391 5578 1535 5642 juxta
1574 5574 1805 5632 Usuardi
1835 5578 2029 5647 Marty-

464 5648 747 5715 rologium,
782 5646 906 5717 licet
950 5656 1135 5699 auctor
1162 5646 1357 5717 Chron.
1398 5648 1551 5700 Alex.
1594 5647 1735 5701 dicat
1763 5650 1905 5717 quod
1938 5646 2035 5702 iiii-

463 5714 775 5789 perantibus
809 5714 1181 5771 Valentiniano
1210 5725 1263 5771 et
1313 5715 1581 5771 Marciano
1609 5728 1735 5774 ante
1779 5714 1926 5775 diem
1970 5734 2041 5773 sn

2126 4525 2265 4580 visse
2310 4524 2492 4576 scribit
2534 4522 2675 4577 Petr.
2708 4523 2775 4574 de
2818 4522 2988 4574 Natal.
3023 4535 3145 4583 vni,
3189 4520 3309 4573 1:26.
3353 4520 3691 4588 Martyrologi

2125 4611 2253 4649 vero
2279 4610 2465 4647 munes
2494 4595 2831 4647 c0nsentiunl
2860 4606 2979 4643 eum
3012 4592 3211 4644 obiisse
3266 4606 3347 4643 im
3396 4589 3654 4643 Januarii.

2200 4675 2224 4713 κ
2258 4665 2465 4717 Felicis.
2514 4666 2583 4717 De
2628 4665 2707 4715 liis
2756 4663 2890 4715 infra
2934 4669 3121 4721 agetur
3170 4675 3300 4713 xxiv
3348 4662 3538 4713 Octob.
3576 4675 3697 4715 cmn

2131 4736 2423 4799 Usuardus,
2452 4734 2586 4797 Atio,
2614 4732 2870 4785 Barouius
2890 4740 2946 4785 et
2966 4731 3053 4783 alii
3084 4735 3272 4783 norunt
3303 4731 3534 4783 natalem
3559 4732 3701 4784 diem

2131 4807 2425 4859 celebrant.
2462 4804 2523 4856 Hi
2554 4804 2723 4857 sancti
2753 4802 2997 4854 videntur
3025 4799 3147 4852 ideo
3176 4801 3241 4852 ad
3278 4803 3416 4854 liunc
3463 4803 3603 4855 diem
3634 4814 3703 4853 ex

2131 4892 2313 4929 errore
2334 4875 2535 4935 referri,
2564 4874 2682 4940 quia
2708 4872 2845 4941 apud
2878 4881 3106 4923 canteros
3135 4872 3527 4940 niartyrologos
3559 4871 3708 4924 Felix

2132 4947 2343 5013 quidam
2377 4946 2652 5013 presbyter
2694 4952 2747 4996 et
2789 4943 3082 5004 Adauctns,
3115 4941 3436 5013 quiARoma:
3484 4942 3563 4994 via
3606 4941 3709 4995 Os-

2134 5011 2286 5069 tiensi
2318 5011 2417 5069 sub
2443 5011 2765 5067 Diocletiano
2788 5013 2927 5078 passi
2958 5019 3103 5073 sunt.
3138 5011 3294 5064 hodie
3318 5021 3707 5064 memorantur.

2134 5088 2297 5153 Cujus
2326 5083 2552 5139 civitatis
2580 5083 2633 5137 in
2661 5083 2835 5136 Africa
2860 5081 3007 5135 Felix
3036 5081 3327 5153 episcopus
3360 5082 3536 5147 fuerit,
3565 5082 3709 5153 varia

2138 5150 2295 5209 lectio
2323 5164 2421 5209 est.
2468 5152 2655 5207 Noster
2707 5152 2860 5219 legit,
2904 5151 3141 5205 civitatis
3188 5150 3541 5217 Tubzocensis,
3575 5152 3715 5211 Δύο,

2142 5226 2483 5290 Tibrurensis,
2518 5233 2673 5293 prout
2701 5224 2860 5293 etiam
2901 5222 2951 5275 in
2986 5223 3173 5293 borum
3217 5233 3505 5293 martyrum
3546 5221 3715 5286 Actis,

2144 5313 2261 5365 quae
2312 5291 2686 5361 exstautvapud
2716 5292 2930 5346 Surium
2962 5302 3092 5365 tom.
3126 5292 3186 5355 V,
3225 5292 3435 5365 legitur.
3468 5291 3543 5345 Ex
3584 5293 3721 5344 anti-

2141 5363 2260 5437 quis
2288 5379 2466 5437 autem
2499 5381 2629 5418 mss.
2663 5367 2851 5437 verior,
2877 5363 3037 5437 lectio,
3060 5378 3120 5416 ea
3150 5363 3571 5437 miliiprobatur
3595 5374 3722 5437 una

2147 5432 2328 5500 habet,
2357 5435 2650 5489 Tibirenois.
2681 5437 2754 5487 De
2776 5432 3039 5486 Tibirensi
3086 5434 3167 5486 vel
3190 5433 3481 5485 'l'ibiritaua
3506 5432 3720 5485 civitate

2147 5508 2350 5561 mentio
2384 5507 2610 5559 habetur
2637 5507 2688 5557 in
2719 5519 2873 5558 conc.
2901 5504 3154 5572 Cartliag.
3182 5503 3511 5572 temporibus
3540 5500 3721 5572 S.Cy-

2147 5578 2334 5643 priani.
2364 5577 2564 5630 BABON.
2591 5577 2643 5630 in
2674 5575 2841 5628 Notis.
2874 5602 2943 5613 ——
2976 5570 3182 5624 Felicis.
3220 5571 3310 5625 Via
3355 5574 3583 5627 Ostiensi
3626 5570 3726 5625 sub

2153 5647 2479 5703 Diocletiano
2530 5655 2585 5700 et
2635 5645 2949 5700 Maximiano
2995 5643 3423 5711 imperatoribus.
3472 5644 3570 5710 Qui
3606 5652 3726 5709 post

2150 5720 2458 5790 equuleum,
2482 5718 2601 5773 data
2624 5716 2886 5772 sententia
2905 5727 3025 5769 cum
3049 5710 3113 5767 ad
3138 5710 3541 5771 decollatiunem
3568 5715 3725 5767 duce-
