4054 6190
412 294 539 347 «ρει

1127 296 1327 350 BEDJS
1376 294 1823 350 \‘ENERABILIS
1863 294 2019 347 OPP.
2064 293 2243 351 PARS
2284 295 2374 349 IV.
2416 325 2485 335 —
2528 295 2913 351 lllS'l‘URlCA.

3552 302 3693 356 10.53

1724 405 1948 462 EDlTIO
1985 406 2443 463 COLONIENSIS.

411 516 595 561 nuarta
625 505 796 560 Nonas
825 501 1097 571 Septemb.
1140 502 1268 557 Item
1316 501 1453 569 apud
1483 498 1758 570 praefatam
1789 500 1977 553 urbem
2016 503 2063 556 Α
2093 507 2266 554 motus
2312 500 2480 553 factus
2508 508 2593 554 est
2640 514 2866 570 magnus
2895 519 2905 553 :
2938 500 3354 570 cecideruntque
3403 502 3689 561 exanimes

415 599 547 651 neati
584 594 773 661 Elpidii
802 594 1037 659 episcOpi
1068 602 1121 647 et
1142 590 1488 647 confessoris.
1516 590 1672 659 Apud
1706 589 1986 659 Apamiam

411 687 578 739 sancti
611 684 862 737 Antonini
896 683 1166 750 martyris.

479 776 543 828 A.
584 774 647 828 ιιι
689 774 817 827 Non.
862 776 1125 826 Serrane.
1168 771 1354 825 Natale
1396 780 1597 826 sancta:
1627 770 1894 836 Phoeben,
1927 769 1994 823 de

408 883 508 936 qua
543 871 726 922 beatus
771 866 1063 929 Apostolus
1117 864 1372 917 Romanis
1403 866 1605 918 scribit.
1642 864 1829 916 Romae
1866 879 1994 928 pas-

409 960 490 1012 sio
518 970 718 1013 sanetzn
737 957 971 1022 Serapim
997 956 1239 1023 virginis,
1262 956 1361 1009 sub
1384 958 1617 1009 Adriano
1642 960 1985 1022 imperatore,

406 1048 587 1115 judice
618 1049 845 1116 Beryllo.
880 1047 1003 1101 Haec
1039 1047 1373 1101 Atttiocherta
1406 1047 1503 1099 fuit
1533 1062 1748 1115 genere,
1780 1058 1829 1100 et
1862 1061 1983 1099 cum

416 1142 469 1194 in
510 1144 667 1193 domo
696 1141 911 1194 Saltinte
942 1150 1334 1203 corrunaneret,
1384 1140 1618 1193 exhibita
1646 1150 1726 1193 est
1768 1139 1819 1191 in
1850 1153 1991 1192 cou-

406 1240 589 1296 spectu
624 1228 900 1293 praesidis;
936 1229 1020 1283 cui
1055 1229 1144 1282 ille
1174 1228 1341 1281 dixit:
1394 1228 1643 1282 Sacrilica
1676 1227 1797 1282 diis.
1858 1228 1988 1293 Quae

405 1321 679 1389 respondit
712 1341 725 1375 :
750 1321 938 1375 Timeo
968 1332 1024 1375 et
1054 1322 1172 1374 colo
1208 1321 1375 1374 Deum
1406 1323 1854 1387 omnipotentem,
1882 1335 1987 1374 non

404 1414 647 1467 sacriﬁco
683 1414 1036 1466 daemonibus.
1067 1413 1215 1466 Tunc
1248 1428 1445 1477 pracses
1473 1413 1634 1481 jussit
1670 1424 1789 1465 eam
1824 1412 1985 1481 quin-

402 1516 505 1570 que
547 1501 832 1572 juvenibus
881 1503 1088 1555 lascivis
1136 1502 1291 1565 tradi,
1344 1512 1399 1555 ut
1448 1503 1495 1554 ei
1539 1510 1798 1555 nocturno
1848 1502 1987 1556 furto

402 1589 737 1645 insultarent.
774 1595 814 1646 A
844 1590 1039 1660 ’quibus
1068 1592 1324 1659 perducta
1370 1593 1419 1645 in
1474 1592 1779 1645 cubiculum
1834 1592 1987 1645 valde

401 1684 708 1750 obscurum,
760 1697 878 1736 cum
923 1683 1120 1737 vellent
1158 1697 1275 1736 eam
1325 1692 1563 1752 tangere,
1622 1682 1801 1735 subito
1833 1691 1986 1735 terra:

2100 588 2151 642 in
2211 598 2407 643 terram
2460 589 2719 643 membris
2772 591 3020 645 omnibus
3071 592 3342 645 νεςςοιιιιὶε.
3397 592 3525 653 Post
3576 595 3693 653 haec

2100 678 2354 746 praecepit
2404 694 2521 733 eam
2555 680 2779 734 fustibus
2819 681 2974 746 credi,
3030 689 3084 735 et
3132 681 3382 735 ardentes
3413 683 3691 749 lampades

2098 769 2351 824 lateribus
2376 771 2491 839 ejus
2526 773 2745 840 apponi,
2784 773 2878 826 sed
2920 775 3007 842 qui
3043 788 3105 827 ea
3152 776 3424 841 tenebant,
3470 778 3689 832 cecide-

2098 871 2220 916 runt
2248 872 2556 917 retrorsum.
2590 864 2740 918 Tuuc
2775 868 2974 931 percuti
3024 867 3198 937 gladio
3237 869 3474 936 jubetur.
3525 870 3685 927 Passa

2098 963 2179 1006 est
2205 964 2380 1007 autem
2411 962 2595 1021 quarta
2639 954 2903 1009 Kalendas
2943 959 3191 1026 Augusti,
3225 959 3433 1027 sepulta
3466 975 3496 1013 a
3531 962 3685 1015 beata

2097 1043 2312 1105 Sabina.
2347 1045 2485 1113 prid.
2525 1045 2748 1100 Kalend.
2808 1048 3053 1117 Augusti.
3102 1048 3469 1119 Compositum
3504 1060 3559 1106 et
3588 1067 3669 1107 0r-

2098 1143 2279 1189 natum
2322 1146 2405 1189 est
2437 1136 2506 1189 ibi
2535 1136 2843 1191 venerabile
2874 1140 3260 1209 sarcophagum
3294 1142 3596 1207 ambarum,
3629 1152 3685 1199 et

2096 1227 2245 1281 locus
2268 1229 2524 1283 orationis
2557 1229 2820 1299 condigne
2846 1232 3146 1300 dedicatus,
3183 1236 3340 1289 tertio
3368 1236 3503 1290 Non.
3544 1237 3684 1305 Sep-

2097 1320 2261 1371 temb.
2313 1317 2370 1372 In
2438 1319 2617 1387 Capua
2677 1330 2988 1374 sanctorum
3049 1334 3367 1393 martyrum,
3424 1324 3684 1380 Antonini

2096 1412 2243 1479 pueri
2277 1412 2462 1479 viginti
2489 1427 2772 1476 annormn,
2802 1421 2855 1466 et
2883 1413 3095 1468 Aristaei
3144 1416 3406 1485 episcopi,
3450 1432 3678 1486 quorum

2095 1510 2243 1569 gesta
2278 1501 2568 1558 habentur.

2169 1592 2225 1645 Β.
2290 1594 2440 1651 Palu.
2502 1595 2632 1649 Non.
2690 1596 2959 1652 Sarrana.
3030 1598 3197 1668 Moysi
3255 1600 3555 1669 prophetae.
3615 1602 3682 1657 Et

2096 1684 2232 1751 apud
2259 1685 2524 1755 Ancyram
2558 1686 2779 1743 Galatia:
2811 1700 3118 1744 sanctorum
3154 1702 3469 1763 martyrum,
3514 1694 3679 1750 trium

1648 1772 1878 1826 EDITIO
1921 1774 2436 1833 BOLL.\NDIANA.

400 1868 488 1937 qni
538 1878 660 1942 post
701 1868 1007 1942 multiplicia
1048 1878 1113 1922 ac
1149 1883 1285 1942 smva
1338 1875 1596 1920 tormenta
1633 1865 1748 1942 igni
1802 1865 1975 1942 traditi
2019 1879 2058 1936 Β
2090 1870 2324 1942 Adriano
2351 1872 2669 1942 imperatore
2694 1886 2755 1925 ac
2792 1870 2968 1937 judice
3018 1873 3245 1942 Beryllo.
3282 1874 3365 1937 L.,
3400 1874 3453 1929 In
3498 1877 3674 1934 Sicilia

403 1935 550 1991 stunt.
599 1940 651 1992 lit
701 1938 1005 1992 Nicomedia
1047 1941 1223 1993 natale
1275 1949 1573 1990 sanctorum
1624 1935 1875 1998 Gorgortii
1927 1945 1983 1987 et

397 2006 709 2065 Tlteodotze.
766 2013 831 2061 A.
877 2009 940 2063 Τ.
990 2010 1048 2062 L.
1086 2010 1168 2069 Β..
1219 2009 1415 2061 Eodem
1461 2008 1545 2059 die
1576 2006 1631 2060 S.
1662 2008 1688 2037 ⁸
1727 2005 1978 2058 Antonini

397 2088 665 2149 martyris.
697 2082 759 2131 A.
791 2080 876 2140 Β..
906 2080 1270 2147 Augustuduni
1313 2077 1575 2143 depositio
1712 2073 1739 2112 ι)
1772 2075 1979 2149 Syagrii

395 2146 631 2216 episcopi
673 2160 725 2201 et
755 2146 1101 2202 eottfessoris.
1138 2149 1220 2212 8.,
1267 2149 1320 2200 ltt
1361 2148 1677 2199 Alexandria
1712 2146 1979 2216 nataleﬁ.

399 2213 687 2271 Theodori.
715 2220 952 2285 Lugduni
982 2220 1242 2286 depositio
1265 2218 1318 2271 S.
1346 2216 1480 2270 .lusti
1512 2217 1767 2284 t-piscopi.
1804 2214 1859 2286 lu
1888 2213 1981 2266 Ni-

400 2291 636 2341 comedia
679 2284 1067 2355 SSQZenonis,
1099 2289 1373 2357 Gargonii,
1428 2288 1749 2356 Monolappi,
1802 2284 1981 2339 'l‘lteo-

398 2361 538 2412 (tota:
562 2374 682 2413 cum
716 2361 834 2412 liliis
861 2361 991 2413 suis.

467 2448 521 2504 ὅ.
555 2482 626 2495 --
655 2451 718 2504 ιιι
746 2450 944 2505 Νυκλε.
979 2450 1141 2503 Vacat
1166 2449 1344 2504 Baeda.

465 2542 525 2596 C.
559 2541 650 2605 νο,
681 2547 701 2574 ε
737 2541 930 2594 Leonis
960 2552 1013 2595 et
1047 2541 1233 2594 Marini
1267 2542 1655 2597 confessttrum.
1688 2541 1743 2595 ln
1769 2540 1982 2608 Aquileo

400 2614 483 2676 cia
532 2608 746 2681 Syr-icii,
797 2613 1103 2676 Enpltemiie
1265 2628 1367 2663 om.
1404 2609 1733 2678 Euplieritim]
1782 2623 1835 2663 et
1868 2610 1987 2662 Ari-

394 2691 535 2736 ston.
597 2681 685 2736 Β..
745 2681 925 2733 Romae
980 2682 1148 2735 beatae
1201 2678 1226 2715 ἀ
1279 2679 1554 2736 εετιιυιιίω
1617 2680 1831 2736 virginis
1890 2679 1987 2731 sub

745 2681 925 2733 Romae
980 2678 1161 2735 beatae
1201 2678 1226 2715 ἀ
1279 2679 1554 2749 Serapbite
1617 2680 1831 2750 virginis
1890 2679 1989 2731 sub

2092 1940 2268 1993 natale
2298 1942 2352 1995 S.
2389 1949 2413 1978 ο
2448 1941 2659 2006 Felicis,
2696 1951 2749 1995 et
2777 1943 2914 2005 apud
2948 1940 3250 1998 Stabulaus.
3284 1947 3342 2000 S.
3383 1944 3403 1984 ί
3441 1949 3674 2005 ltemacli

2090 2011 2327 2075 episcttpi
2381 2011 2730 2080 Tungrensis.
2784 2012 2868 2073 8.,
2914 2012 2970 2065 In
3023 2015 3340 2069 Alexandria
3394 2021 3572 2073 natale
3614 2022 3674 2075 S.

2092 2089 2117 2126 ε
2145 2081 2405 2151 Aristonis
2440 2082 2705 2150 Epi-copi.
2744 2082 2809 2135 Et
2831 2084 3002 2137 natale
3022 2086 3120 2137 SS.
3153 2086 3483 2151 Euphemiaa,
3517 2092 3672 2143 Sirici

2091 2162 2142 2203 et
2172 2150 2434 2204 Aristonis
2464 2168 2581 2205 cum
2616 2153 2774 2205 sociis
2817 2169 3024 2207 eorum.
3060 2154 3146 2214 T.,
3178 2150 3359 2210 Natale
3392 2159 3450 2210 ὃ.
3478 2160 3502 2196 ιι
3536 2159 3671 2216 Justi

2092 2220 2287 2294 episcol
2313 2222 2348 2274 i.
2374 2222 2534 2294 T.AA.
2568 2222 2653 2282 Β..
2688 2222 2742 2275 In
2770 2224 3034 2289 provincia
3066 2222 3233 2294 Syria:
3266 2229 3444 2280 natale
3473 2231 3528 2283 S.
3566 2238 3671 2284 Au-

2093 2292 2259 2344 toniui
2313 2292 2460 2357 pueri
2496 2294 2511 2329 ι
2551 2307 2813 2344 annorum
2854 2292 3155 2358 duodecim,
3205 2306 3259 2349 ct
3306 2298 3363 2351 S.
3399 2296 3415 2347 ἕ
3460 2301 3675 2355 Aristaei

2094 2362 2351 2431 episcopi.
2381 2363 2469 2426 'l‘.,
2523 2364 2584 2414 Et
2612 2362 2953 2418 confess-oris.
3012 2364 3073 2417 T.
3104 2370 3190 2430 A.,
3226 2366 3289 2419 Et
3317 2369 3581 2431 depositio
3614 2372 3671 2426 S.

2095 2430 2117 2467 ¹¹
2155 2432 2485 2498 Ευριιεηιὶω.
2520 2432 2583 2485 Et
2613 2437 2668 2487 ὃ.
2707 2433 2939 2487 Remacli
2974 2436 3140 2499 episc.
3197 2438 3284 2498 A.,
3321 2430 3675 2494 Itt'monaste-

2085 2504 2165 2624 ἷῑο
2206 2504 2485 2581 Stabulaus
2513 2503 2779 2571 depositio
2829 2505 2885 2561 S.
2918 2506 3046 2558 item
3084 2506 3147 2558 cl:
3180 2509 3418 2576 episc0pi
3462 2520 3515 2563 et
3544 2526 3673 2567 conv

2112 2587 2329 2624 essorts.

2112 2587 2329 2625 eSSOI'lS.

2161 2666 2213 2718 4.
2240 2696 2308 2705 -
2333 2666 2369 2717 ll
2400 2664 2530 2719 Non.
2562 2664 2726 2720 Vacat
2752 2667 2927 2721 Bazda.

1786 2766 1996 2821 SMl'I‘ll
2037 2759 2268 2818 NOTAE.

467 2868 492 2895 ι
525 2858 786 2911 Antonini.
837 2858 935 2922 Qui
983 2857 1125 2930 apud
1171 2857 1447 2930 Apamiam
1492 2857 1744 2923 Oppidum
1798 2859 1968 2930 Syria:

396 2944 582 2997 passus
609 2939 730 2981 est:
778 2938 980 2981 etcum
1030 2929 1217 2981 eodem
1263 2929 1459 2995 oppido
1504 2931 1764 2983 oriundus
1792 2929 1963 2997 eSset,

394 3010 448 3053 et
476 2998 540 3052 ad
585 3002 979 3068 presbyteratus
1007 3000 1249 3052 ordinem
1278 2998 1630 3061 ascendisset,
1682 3001 1804 3053 inde
1844 3016 1964 3055 ver-

2079 2854 2273 2909 Sabina
2317 2850 2369 2904 in
2399 2863 2496 2903 suo
2536 2855 2882 2899 monumento
2935 2846 3083 2915 juxta
3132 2862 3311 2901 aream
3364 2847 3662 2907 Vind'ciani

2080 2926 2285 2992 sepulta
2311 2938 2324 2985 ;
2376 2919 2467 2973 sed
2499 2920 2754 2992 memoria
2785 2916 2950 2992 ipsius
2996 2920 3233 2986 martyrii
3280 2919 3377 2992 hac
3404 2922 3488 2974 die
3514 2924 3659 2976 cele-

2079 2986 2227 3051 brior
2269 2992 2513 3052 habetur,
2563 2989 2776 3054 quando
2828 2986 3103 3040 ambarum
3156 2990 3537 3058 sarcophagum
3586 2993 3659 3047 ibi

398 3057 1167 3123 ltumDomim'dissentinando
1193 3069 1467 3137 processit.
1505 3057 1770 3124 Reversus
1792 3082 1968 3126 autem
2001 3078 2046 3139 (ζ
2078 3064 2433 3139 ρριιιγυοξίίιψὶ
2463 3068 2517 3112 ει
2542 3073 2787 3139 υτξξωυηι
2816 3057 2931 3116 “m-
2966 3067 3019 3110 εί
3041 3058 3195 3139 Ερευέ
3220 3057 3514 3139 ευηάικίιεξε
3534 3078 3659 3111 (πθ-

397 3141 675 3206 Apamiam
703 3149 754 3191 et
791 3142 1012 3208 gentiles
1063 3141 1398 3207 impugnans,
1455 3142 1764 3207 martyrium
1816 3156 1970 3194 suum

398 3210 643 3261 lidelibus
684 3212 943 3272 prxdixit.
999 3209 1189 3261 Verum
1221 3211 1347 3261 dum
1380 3210 1491 3262 loca
1521 3224 1672 3264 sacra
1701 3225 1820 3264 cum
1852 3210 1973 3277 qui-

397 3279 615 3330 busdam
643 3277 960 3331 Christianis
994 3278 1255 3343 visitarel,
1302 3290 1355 3332 et
1385 3282 1450 3330 ab
1472 3282 1549 3331 eis
1578 3282 1967 3345 aliquantulum

396 3348 721 3412 divertisset,
767 3349 797 3401 a
830 3349 1046 3415 paganis
1092 3357 1265 3401 lentus
1295 3348 1523 3416 etjuxta
1556 3350 1757 3403 nomen
1790 3352 1855 3403 ad
1886 3366 1971 3403 ra-

394 3418 541 3471 dices
594 3421 791 3470 montis
857 3419 1095 3486 Apamia:
1160 3419 1453 3471 decurrens
1510 3419 1807 3473 decollatus
1870 3429 1969 3473 est.

394 3486 561 3557 Pera.
598 3504 661 3541 ne
692 3490 901 3541 ΝΑτΑι.
944 3487 994 3541 ls
1025 3504 1128 3541 non
1157 3490 1398 3541 diversus
1423 3490 1627 3542 videtur
1676 3490 1743 3542 ab
1776 3504 1841 3541 co
1884 3491 1971 3557 qui

394 3554 593 3629 Parma:
647 3562 698 3610 in
747 3559 1026 3629 Aquitania
1080 3574 1267 3624 passus
1318 3560 1415 3612 hac
1461 3560 1547 3613 die
1597 3560 1648 3613 in
1700 3554 1971 3629 Martyrol.

394 3624 547 3681 Rom.
580 3624 827 3683 relertur'.
880 3627 1159 3684 Ferrarius
1202 3629 1360 3683 hodie
1411 3631 1463 3683 iu
1502 3630 1653 3685 Notis
1701 3631 1767 3683 ad
1798 3624 1970 3685 Catal.

394 3698 590 3750 (iener.

468 3765 758 3847 {Syagri}:
811 3768 888 3824 De
942 3772 1039 3822 hoc
1084 3784 1241 3838 supra
1292 3770 1465 3839 agitur
1526 3769 1614 3825 die
1663 3786 1806 3825 xxvu
1859 3773 1971 3825 Au-

391 3849 553 3906 gusti.

469 3918 492 3946 ε
528 3907 710 3960 Leonis
739 3916 783 3961 et
813 3908 1021 3962 Marini.
1047 3909 1143 3974 Qui
1174 3911 1225 3962 in
1254 3910 1470 3963 civitate
1499 3911 1821 3965 Ariminensi
1854 3912 1965 3965 cla~

394 3987 614 4030 ruerunt
657 3988 897 4045 tempore
948 3978 1257 4032 Diocletiani
1284 3990 1337 4032 et
1369 3979 1689 4034 Maximiani.
1733 3982 1833 4048 Qui
1864 3985 1966 4035 im-

395 4056 666 4114 peratores
694 4048 819 4099 dum
850 4064 915 4101 ex
943 4052 1086 4100 omni
1114 4060 1262 4116 parte
1282 4049 1612 4103 diversarum
1641 4050 1831 4103 artium
1857 4068 1967 4105 nta-

391 4116 588 4183 gistros
617 4128 669 4170 et
698 4120 968 4183 operarios
1018 4132 1404 4187 congregareut
1445 4121 1510 4173 ad
1540 4121 1967 4175 reaadilicandam

393 4187 788 4242 Ariminensem
821 4191 1114 4251 civitatem,
1148 4189 1369 4258 contigit
1400 4201 1455 4243 ut
1477 4206 1541 4243 ex
1576 4191 1830 4245 Dalmatia
1855 4192 1963 4246 duo

394 4258 630 4329 magistri
660 4259 1009 4311 dolandorum
1042 4261 1295 4329 lapidum,
1350 4261 1453 4314 vid.
1483 4261 1589 4314 Leo
1618 4272 1667 4314 et
1698 4263 1961 4329 Marinus,

392 4325 682 4399 Christiani
714 4330 1045 4383 adventrent.
1094 4325 1157 4381 lli
1190 4325 1558 4397 praifectorum
1602 4332 1755 4399 jussu
1807 4325 1965 4386 Chri;

393 4396 596 4450 stianos
627 4399 837 4467 injustis
868 4396 1199 4468 ponderibus
1218 4412 1464 4452 oneratos
1493 4396 1818 4465 spectantes,
1869 4420 1961 4456 eos

392 4480 673 4532 coeperunt
726 4472 774 4520 in
828 4471 1095 4522 laboribus
1143 4471 1254 4522 suis
1291 4472 1582 4537 adjuvare,
1626 4482 1677 4524 et
1731 4473 1961 4525 Marinus

393 4540 522 4590 emit
561 4540 781 4592 asellum
808 4580 823 4600 ,
875 4540 962 4606 qui
989 4540 1236 4592 fratribus
1275 4539 1328 4591 in
1375 4542 1638 4605 lapidibus
1688 4544 1960 4608 portandis

395 4609 720 4663 subveniret.
758 4610 882 4663 Post
911 4624 1081 4663 annos
1107 4621 1281 4663 antem
1315 4620 1423 4663 tres
1447 4611 1554 4664 Leo
1584 4616 1633 4663 in
1659 4623 1837 4663 monte
1865 4613 1965 4664 Fc-

393 4679 565 4730 liciani
599 4680 697 4731 sibi
725 4680 910 4731 cellam
945 4682 1237 4737 constituit.
1270 4690 1321 4733 ct
1352 4690 1510 4734 Vitam
1534 4682 1960 4736 anachoreticam

395 4749 585 4812 duxit;
636 4749 869 4801 Marinus
913 4750 1093 4816 etiam,
1144 4752 1410 4815 completo
1453 4751 1684 4805 civitatis
1715 4753 1960 4818 aedilicio,

392 4819 457 4867 ad
492 4822 649 4869 imum
702 4831 935 4872 montem
987 4820 1234 4873 Titanum
1285 4838 1343 4875 se
1395 4822 1446 4873 in
1497 4826 1629 4874 cella
1660 4823 1959 4877 abscondit.

394 4886 721 4941 Gaudentius
752 4905 878 4942 vero
907 4890 1187 4958 episcopus
1228 4889 1586 4945 Ariminensis
1616 4893 1791 4945 audita
1825 4896 1961 4947 lama

392 4958 490 5009 SS.
524 4958 715 5011 Leonis
744 4970 797 5013 et
828 4959 1035 5025 Martni,
1065 4976 1159 5013 eos
1188 4966 1252 5013 ad
1291 4976 1348 5015 se
1391 4964 1692 5028 accersivit,
1742 4973 1795 5016 et
1826 4961 1962 5016 Leo-

392 5040 513 5078 nem
546 5031 596 5079 in
630 5032 1033 5097 presbyterum,
1086 5030 1343 5084 Marinum
1390 5032 1440 5085 iu
1490 5034 1768 5085 diaconum
1819 5035 1962 5085 ordi-

392 5100 556 5165 navit.
590 5098 820 5153 Marinus
861 5100 912 5153 iu
956 5102 1085 5154 cella
1128 5116 1218 5152 sua
1271 5102 1548 5165 remansit,
1599 5102 1771 5155 donec
1817 5118 1960 5157 anno

391 5164 498 5219 257
550 5168 777 5238 obterit;
830 5173 1169 5238 sepultusque
1213 5182 1293 5225 est
1340 5172 1391 5224 itt
1432 5164 1617 5225 eadem
1671 5172 1739 5238 in_
1768 5172 1961 5226 Titano

395 5248 596 5308 monte,
630 5237 718 5306 qui
764 5235 981 5292 vocatur
1014 5235 1168 5293 Ιθαέηα
1197 5239 1405 5294 Marini.
1440 5242 1599 5295 Pera.
1628 5257 1694 5297 ne
1723 5235 1955 5308 NATAL.,

388 5307 483 5430 (ιυιὶ
508 5324 604 5430 ξοδ
636 5322 735 5361 una
775 5323 897 5362 cum
938 5311 1164 5366 Barouio
1203 5313 1253 5364 in
1292 5312 1665 5382 Martyrologio
1707 5315 1960 5382 postridie

388 5392 504 5430 cee
545 5392 643 5430 rat.

388 5381 643 5432 celebrat.

461 5448 489 5491 «1
516 5447 800 5516 Serapide.
835 5450 961 5514 Quae
990 5463 1111 5506 cum
1134 5460 1274 5505 esset
1304 5452 1491 5504 tradita
1516 5451 1721 5505 duobus
1748 5452 1961 5507 lascivis

386 5516 695 5591 juvenibus,
739 5530 792 5571 et
820 5524 1038 5573 minime
1071 5524 1329 5589 putuisset
1359 5524 1524 5586 illudi,
1579 5538 1676 5576 nec
1710 5535 1951 5591 postmo-

391 5593 515 5660 dum
542 5590 878 5660 ardentibus
930 5592 1129 5644 facibus
1172 5591 1529 5656 iullzunmari,
1577 5594 1726 5660 jussu
1780 5594 1958 5647 Berilli

393 5656 584 5729 judicia
616 5658 839 5709 tristibus
863 5674 1026 5722 casa,
1074 5663 1269 5715 dehinc
1316 5664 1492 5729 gladio
1539 5656 1798 5716 decollata
1851 5674 1955 5716 cst.

392 5723 551 5777 Passa
590 5736 670 5777 est
721 5740 895 5781 autem
939 5741 1126 5798 quarto
1174 5723 1437 5787 Kalendas
1480 5732 1719 5801 Augusti,
1763 5741 1815 5788 ct
1844 5748 1871 5786 a
1898 5734 1954 5787 Β.

2082 3138 2239 3189 tionis
2270 3132 2562 3185 dedicatus.
2608 3130 2806 3183 Sumus
2858 3139 2988 3182 tom.
3041 3128 3103 3194 V,
3150 3129 3315 3183 Pam.
3348 3146 3416 3184 DE
3448 3132 3651 3188 ΝΑτΑι..

2084 3206 2212 3259 Vide
2242 3220 2291 3256 IV
2318 3202 2430 3254 Kal.
2469 3204 2604 3267 Aug.

2153 3286 2177 3312 ο
2214 3273 2424 3325 Felicis.
2458 3271 2528 3324 lle
2560 3273 2661 3322 hoc
2690 3270 2846 3323 etiam
2877 3269 3047 3337 pridie
3074 3270 3155 3337 agi
3188 3270 3414 3325 videtur.

2156 3344 2175 3384 ί
2208 3342 2458 3396 Remacti.
2498 3341 2590 3393 llic
2635 3340 2686 3391 in
2739 3340 3018 3407 Aquitania
3052 3340 3211 3393 nobili
3241 3356 3437 3409 genere
3480 3350 3659 3409 natus,

2078 3416 2177 3469 sub
2222 3416 2281 3469 S.
2323 3412 2550 3479 Sulpitio
2599 3411 2919 3463 Bituricensi
2967 3414 3221 3478 episcopo
3268 3413 3546 3473 educatus,
3598 3415 3659 3469 S.

2080 3486 2251 3556 Eligio
2298 3482 2495 3556 deinde
2541 3482 2947 3556 cunmcndatus
2988 3492 3040 3533 et
3071 3484 3158 3556 ab_
3188 3483 3276 3533 illo
3320 3484 3556 3556 Soletnni
3590 3500 3656 3536 co

2079 3552 2405 3608 ittrmasterin
2439 3554 2740 3620 prailectus,
2794 3552 2927 3603 adeo
2959 3552 3244 3603 virtutibus
3275 3554 3549 3613 excelluit,
3597 3565 3655 3607 ut

2079 3637 2199 3694 post
2248 3624 2635 3694 abdicationem
2659 3621 2749 3694 __S.
2769 3690 2778 3694 _
2799 3622 3047 3694 Amandi,
3094 3637 3192 3694 an:
3216 3621 3343 3684 652,
3374 3624 3659 3691 episcopus

2077 3690 2421 3749 consecratus
2467 3692 2629 3745 fuerit
2658 3690 3016 3759 Trajectensis
3069 3703 3120 3744 et
3153 3690 3502 3757 TuugrenSis.
3552 3694 3659 3746 Po-

2077 3767 2230 3834 pulos
2271 3766 2474 3831 optime
2504 3763 2682 3834 rexit:
2708 3763 2963 3834 eccleStas
3006 3762 3219 3814 nomine
3252 3765 3310 3817 S.
3341 3764 3556 3829 Sulpitii
3604 3766 3657 3818 in

2078 3832 2361 3890 Leodiensi
2395 3832 2613 3887 dioecesi
2639 3833 2856 3893 dicavit,
2888 3842 2939 3883 et
2972 3834 3291 3885 monasteria
3323 3836 3429 3885 duo
3453 3834 3655 3887 Stabu-

2078 3906 2240 3960 letttnt
2270 3916 2323 3958 et
2350 3904 2813 3966 Melmundarium,
2848 3903 2897 3953 in
2938 3903 3123 3956 eadem
3159 3902 3378 3956 dioecesi
3420 3905 3656 3973 Sigiber-

2080 3987 2162 4030 tus
2193 3992 2285 4029 rex
2319 3977 2483 4042 ipsius
2513 3975 2721 4025 hortatu
2766 3976 3065 4024 construxit
3091 3988 3105 4034 ;
3147 3984 3199 4025 et
3230 3979 3440 4027 tandem
3470 3990 3498 4025 a
3533 3989 3653 4038 rege

2077 4047 2377 4115 impetravit
2402 4054 2459 4097 ut
2490 4046 2798 4115 relinquens
2830 4056 3192 4095 successorem
3220 4054 3335 4108 post
3362 4060 3421 4097 se
3448 4046 3499 4098 in
3526 4046 3654 4099 sedo

2076 4113 2381 4183 pontilicali,
2414 4116 2464 4167 in
2496 4113 2832 4167 Stabuletum
2864 4115 3334 4183 utonasteriurti_§e
3359 4116 3645 4181 reciperet,

2076 4181 2163 4241 ubi
2190 4188 2354 4251 obiit;
2387 4200 2491 4253 quo
2539 4198 2662 4236 vero
2713 4197 2876 4247 anno,
2926 4183 3206 4236 incertum.
3252 4181 3644 4247 Henscueuius,

2077 4258 2129 4309 in
2178 4257 2475 4311 Comment.
2529 4255 2595 4306 ad
2653 4253 2823 4306 Vitam
2870 4254 3116 4318 Sigiberti
3164 4257 3322 4320 regis,
3376 4264 3511 4308 sect.
3564 4256 3648 4317 10,

2074 4328 2159 4380 die
2193 4330 2213 4380 1
2252 4326 2411 4380 Febr.
2464 4325 2716 4377 Remaclo
2763 4326 3098 4389 pontilicattts
3142 4326 3499 4391 'I‘rajectensi~
3543 4339 3647 4378 nitu

2076 4398 2317 4451 invalidis
2342 4398 2599 4449 adductus
2645 4398 2980 4464 argumentis
3014 4394 3197 4448 tribuit
3237 4412 3405 4448 annos
3440 4397 3647 4449 der-em.

1992 4455 2040 4512 D
2069 4468 2252 4521 Annos
2286 4469 2565 4520 miniumm
2596 4455 2736 4515 duo;
2752 4462 2984 4515 stabnlai
3010 4466 3282 4516 solitarius
3313 4468 3649 4531 supervixit;

2074 4538 2212 4589 unde
2266 4553 2407 4591 anno
2464 4536 2676 4589 circiter
2707 4533 2811 4587 665
2861 4534 2978 4602 ejus
3037 4535 3241 4588 obtum
3294 4540 3647 4589 collocamus.

2065 4607 2270 4675 Corpus
2299 4608 2416 4676 ejus
2443 4607 2707 4674 sepultum
2734 4613 2817 4676 est
2862 4605 2911 4655 in
2953 4606 3177 4658 ecclesia
3210 4622 3302 4659 seu
3330 4610 3565 4659 oratorio
3588 4606 3647 4662 S.

2073 4674 2305 4741 Martini,
2330 4674 2473 4731 atcut
2496 4678 2753 4744 Notgerns
2781 4674 3180 4744 llarigerusque
3213 4687 3495 4729 testantur.
3537 4678 3652 4731 Vita

2066 4748 2183 4811 ejus
2223 4750 2440 4815 legenda
2470 4756 2553 4801 est
2581 4755 2635 4798 et
2683 4747 2818 4817 apud
2864 4745 3099 4809 Suriuui,
3143 4756 3271 4799 tom.
3311 4748 3368 4809 γ,
3414 4758 3469 4800 et
3512 4748 3650 4817 apud

2067 4817 2363 4879 Manilium,
2394 4833 2501 4871 sec.
2535 4832 2591 4879 It,
2623 4817 2739 4868 Act.
2770 4815 2898 4867 Ben.

2136 4896 2161 4934 ι
2188 4890 2457 4942 Aristonis.
2486 4889 2636 4955 Apud
2682 4883 2728 4938 ﬂ
2752 4884 2989 4954 eronymi
3021 4885 3294 4956 Martyrol.
3328 4888 3413 4940 hic
3457 4888 3650 4942 scribi-

2066 4967 2149 5025 tur
2181 4961 2573 5025 Aristonippus.

2136 5024 2342 5083 hlustt.
2389 5024 2592 5081 Forsan
2644 5026 2729 5081 hic
2777 5027 2916 5080 idem
2949 5034 3031 5081 est
3080 5041 3201 5081 cum
3245 5042 3309 5082 eo
3354 5028 3447 5097 qui
3478 5028 3647 5098 pridie

2064 5098 2275 5164 coiitur,
2312 5099 2663 5165 Lugdunense
2690 5099 2965 5164 episcopo.

2143 5178 2157 5207 ι
2191 5171 2455 5222 Annorum
2488 5170 2751 5220 duodecim
2780 5170 2831 5219 in
2866 5169 2983 5221 solo
3014 5168 3073 5221 Β.

2139 5239 2152 5288 i
2191 5241 2413 5293 Aristwi.
2455 5242 2571 5292 Ado
2602 5248 2655 5291 et
2689 5240 2981 5304 Usuardus,
3031 5239 3120 5306 qui
3152 5238 3220 5293 de
3251 5239 3333 5294 his
3365 5251 3525 5309 agunt
3550 5241 3646 5295 hac

2063 5310 2173 5372 die,
2201 5310 2388 5364 horum
2418 5312 2550 5364 Acta
2581 5319 2793 5362 exstare
2818 5319 3099 5370 testantur,
3132 5310 3225 5362 sed
3256 5313 3519 5365 excidisse
3550 5327 3643 5379 pu-

2067 5388 2259 5446 tamus,
2288 5379 2719 5449 quandoquidem
2770 5395 2868 5431 uec
2907 5380 2959 5431 in
2992 5394 3086 5433 sua
3135 5382 3373 5448 ipsorum
3409 5382 3645 5436 Ecclesia

2063 5454 2438 5515 reperiuntur;
2474 5452 2583 5513 ubi,
2618 5451 2821 5502 omisso
2854 5451 3103 5514 ArlsIﬂJO,
3148 5461 3351 5504 tantum
3377 5454 3444 5505 de
3477 5458 3644 5505 Anto-

2062 5521 2190 5573 nino
2216 5519 2298 5589 agi
2333 5521 2626 5587 reperimus
2659 5519 2711 5573 in
2743 5519 2860 5590 ejus
2895 5521 3165 5573 Breviario
3193 5537 3209 5587 ;
3248 5522 3369 5574 hinc
3398 5524 3643 5575 ducimur

2064 5590 2370 5658 eonjectnra
2404 5593 2472 5645 ob
2504 5593 2807 5645 innumeras
2838 5591 3101 5644 bellormn
3150 5592 3330 5647 clades
3373 5594 3515 5646 illius
3548 5593 3616 5645 Ec

2063 5660 2242 5715 etesiae
2262 5674 2601 5714 mormmenta
2616 5676 2736 5715 esse
2757 5663 3055 5729 deperdita.
3080 5662 3371 5727 Banuaws,
3403 5664 3456 5716 in
3481 5662 3622 5716 notis

2137 5729 2162 5768 Ιι
2188 5730 2508 5801 Euphemus.
2554 5730 2845 5802 Euphemia
2888 5736 3129 5802 quaedam
3166 5737 3279 5801 luit,
3322 5749 3439 5804 quae
3484 5734 3618 5802 Aqui
