4022 6200
398 411 532 466 1033

1506 406 1702 464 SECT.
1749 402 1811 456 ll.
1856 428 1921 440 —
1960 390 2516 452 MARTYROLOGIA.

3521 385 3659 440 1034

1636 494 1862 552 EDITIO
1898 485 2374 547 COLONIENSIS.

392 603 701 657 puerorum,
767 587 963 651 Rulini,
1017 587 1233 658 Sylvani
1280 597 1335 641 et
1392 586 1654 641 Vitalicae.
1713 585 1971 639 Cabilone
1998 587 2045 642 Α
2078 580 2217 633 uina:
2248 576 2392 630 urbis
2416 573 2747 644 adipiscitur.
2779 571 2905 626 Inde
2936 572 3274 641 postmodum
3296 572 3393 627 sub
3420 574 3653 641 impera-

394 680 569 734 natale
598 681 768 733 sancti
811 679 1073 745 Marcelli,
1104 680 1194 748 qui
1230 678 1327 732 sub
1356 678 1627 732 Antonino
1655 677 1975 745 imperatore

393 790 491 840 per
540 772 779 826 Priscum
813 772 1097 840 praesidem
1156 785 1363 839 passus,
1422 772 1562 825 hunc
1614 769 1977 823 immolantem

394 865 502 919 diis
530 863 641 917 suis
669 862 913 916 incurrit.
947 862 1187 929 Cumque
1215 863 1281 914 ah
1310 876 1377 916 eo
1406 862 1470 913 ad
1503 860 1807 914 convivium
1847 872 1976 927 pro-

400 954 577 1006 fanum
609 952 791 1006 fuisset
820 953 1095 1021 invitatus,
1124 961 1177 1006 et
1202 952 1505 1018 hujusmodi
1528 963 1816 1005 exsecraris
1841 961 1977 1015 epu-

400 1045 701 1105 Ias,omnes
728 1043 815 1109 qni
848 1046 1093 1107 aderant,
1125 1057 1219 1095 cur
1242 1042 1400 1096 idolis
1425 1040 1783 1101 deservirent,
1813 1038 1983 1091 libera

404 1134 771 1200 increpatione
800 1134 1115 1201 Corriperet,
1151 1133 1395 1187 inaudito
1435 1131 1763 1187 crudelitatis
1787 1145 1985 1201 genere

394 1224 574 1279 defodi
626 1239 749 1278 eum
789 1224 1001 1292 cingulo
1052 1235 1206 1278 tenus
1253 1233 1493 1278 erectum
1548 1238 1748 1291 prmses
1798 1221 1983 1290 jussit.

399 1318 593 1385 Sicque
621 1326 837 1370 sanctus
868 1316 958 1369 Dei
1010 1331 1213 1386 martyr
1258 1318 1436 1371 triduo
1488 1318 1539 1369 in
1592 1315 1838 1370 laudibus
1886 1314 1979 1369 Dei

397 1408 781 1475 omnipotentis
812 1423 1184 1477 perseverans,
1228 1409 1705 1464 incontaminatum
1736 1408 1985 1477 spiritum

401 1503 654 1556 reddidit.

471 1595 536 1650 G.
578 1595 709 1649 Non.
747 1596 1023 1651 Sensus.
1066 1595 1119 1647 ln
1152 1594 1460 1649 suburbano
1494 1592 1678 1646 Romae
1709 1591 1848 1646 beati
1886 1590 1981 1643 Vi-

398 1685 589 1739 ctorini
619 1686 899 1754 martyris,
933 1686 1021 1753 qui
1052 1685 1179 1737 dum
1221 1684 1551 1737 eremiticam
1599 1680 1761 1735 vitam
1811 1680 1971 1734 duce-

400 1786 502 1840 ret,
538 1776 736 1831 diaboli
769 1776 1111 1831 suasionibus
1137 1787 1218 1830 est
1250 1777 1451 1845 lapsus,
1480 1773 1574 1828 sed
1620 1788 1715 1843 per
1744 1773 1833 1827 Dei
1867 1785 1988 1841 gra-

402 1868 529 1921 tiam
561 1876 929 1937 recuperatos,
976 1877 1029 1922 et
1063 1876 1244 1936 postea
1297 1864 1657 1921 sacerdotium
1711 1862 1985 1918 Aminter-

2082 678 2199 724 tore
2225 666 2417 723 Nerva.
2452 681 2571 719 cum
2604 663 2726 717 aliis
2755 664 2844 716 Dei
2870 662 3062 731 sei-vis,
3116 662 3301 719 Eutice
3329 673 3383 719 et
3425 664 3656 720 Μαι-σιω

2081 761 2149 814 ab
2177 760 2465 814 Aureliano
2509 757 2687 826 judice
2720 758 2891 824 primo
2922 757 3190 827 relegatur
3222 757 3362 824 apud
3409 773 3531 813 eum
3580 759 3657 811 Io-

2083 864 2226 914 cum,
2260 849 2346 903 ubi
2379 858 2624 918 potentes
2654 862 2804 916 aquae
2831 856 2884 901 et
2930 848 3237 915 sulphurea:
3268 860 3560 905 emanant:
3610 853 3663 906 in

2085 942 2213 1011 ipsis
2233 941 2405 1010 capite
2434 940 2681 994 deorsum
2713 954 2805 1007 per
2832 947 2943 994 tres
2972 939 3133 993 horas
3161 942 3419 1010 suspendi
3446 942 3650 1011 jussus.

2085 1044 2139 1087 et
2168 1033 2333 1088 teneri
2377 1033 2445 1087 ab
2474 1032 2635 1101 impio
2673 1032 2849 1102 judice
2880 1035 3055 1099 jussus
3082 1044 3181 1088 est.
3215 1034 3367 1101 Quod
3399 1051 3520 1090 cum
3566 1051 3664 1105 per

2088 1136 2122 1180 ti
2139 1126 2321 1180 iduum
2354 1139 2447 1193 pro
2475 1124 2688 1177 nomine
2728 1125 2923 1179 Christi
2956 1141 3142 1194 passus
3182 1127 3393 1193 fuisset,
3424 1130 3661 1198 gloriose

2087 1226 2371 1275 coronatus
2402 1218 2571 1270 victor
2600 1218 2843 1285 migravit
2872 1218 2937 1270 ad
2988 1218 3289 1275 Dominum.
3338 1220 3502 1289 Cujus
3534 1237 3661 1277 cor-

2089 1326 2186 1379 pus
2215 1309 2651 1363 Aminternenses
2667 1308 2843 1376 populi
2875 1310 3162 1377 rapientes,
3188 1312 3537 1367 honorificata
3569 1330 3658 1369 se-

2092 1400 2305 1470 pultura
2334 1399 2713 1454 condiderunt.
2768 1400 2952 1452 llomte
2982 1400 3154 1453 sancti
3185 1401 3486 1457 Herculiani
3520 1422 3665 1460 mar-

2093 1493 2243 1562 tyris.
2290 1491 2487 1559 Capua:
2520 1502 2831 1545 sanctorum
2872 1491 3073 1559 Quinti,
3107 1492 3344 1550 Arcoiitii
3371 1507 3424 1551 et
3454 1498 3669 1565 Donati,

2091 1582 2332 1646 Taurini,
2385 1581 2557 1649 Nimpi
2612 1590 2665 1635 et
2716 1580 3010 1644 Saturnini,
3052 1595 3107 1636 et
3155 1583 3420 1652 depositio
3466 1588 3666 1657 Ingenii

2092 1674 2351 1742 episcOpi.

2164 1765 2226 1818 D.
2274 1764 2381 1817 Vlll
2420 1763 2540 1816 Inus
2596 1761 2871 1817 Serrane.
2925 1763 3199 1819 lueilat‘itl}
3259 1766 3554 1835 prophetze.
3611 1768 3678 1825 Et

2094 1856 2270 1911 natale
2316 1853 2458 1908 beati
2501 1852 2842 1921 Onesiphori,
2876 1854 3241 1922 apostolorum
3291 1855 3560 1927 discipuli,
3602 1860 3673 1916 de

1649 1977 1881 2033 EDITIU
1922 1964 2426 2029 BOLLANDIANA.

477 2069 669 2124 Florus
700 2070 753 2125 in
789 2072 856 2125 A.
882 2070 946 2125 Τ.
978 2071 1035 2125 ι..
1066 2088 1079 2123 :
1113 2072 1167 2125 ln
1205 2067 1400 2135 Callia,
1448 2068 1666 2123 civitate
1707 2065 1990 2121 Cavalonis
2023 2068 2071 2128 Β
2099 2060 2222 2112 tiatn
2254 2058 2352 2111 sub
2385 2055 2611 2125 praeside
2652 2054 2917 2123 Crispino.
2963 2055 3163 2111 Eodem
3196 2056 3284 2114 die
3313 2060 3579 2129 depositio
3607 2068 3670 2122 S.

406 2167 585 2221 natale
627 2166 684 2222 S.
728 2174 753 2201 ⁸
789 2167 1026 2221 Marcelli
1086 2167 1335 2237 martyris
1362 2207 1375 2231 ,
1437 2166 1525 2234 qui
1575 2166 1861 2219 virtutibus
1901 2179 1993 2218 co.

410 2272 635 2313 ruscans
664 2267 716 2311 et
744 2256 796 2312 in
834 2255 1173 2313 confessione
1222 2256 1431 2311 Domini
1480 2265 1786 2310 constanter
1814 2269 1992 2324 perse-

412 2363 627 2412 vorans,
660 2356 901 2418 tempore
940 2348 1194 2403 Antonini
1224 2348 1326 2402 sub
1356 2348 1542 2402 Prisco
1589 2346 1835 2414 praeside,
1875 2361 1991 2402 me-

409 2438 531 2492 dius
562 2440 614 2493 in
646 2449 785 2494 terra
828 2440 1004 2495 fossus
1034 2440 1431 2492 consummavit
1457 2437 1795 2508 martyrium.

486 2531 546 2583 Β.
582 2531 645 2583 ν.
679 2531 740 2583 Τ.
778 2531 841 2586 L.
874 2533 936 2585 C.
966 2551 977 2585 :
1006 2531 1189 2585 Roma:
1235 2533 1315 2583 via
1365 2530 1572 2585 Salaria
1620 2528 1882 2589 depositio
1926 2528 1985 2583 S.

409 2598 437 2637 δ
469 2600 723 2653 llonifacii
752 2604 1011 2668 episcopi.
1065 2604 1148 2668 D.,
1193 2602 1315 2655 ltem
1361 2601 1561 2662 Rerum,
1592 2601 1648 2653 Β.
1682 2595 1745 2656 C.
1778 2599 1861 2659 V..
1909 2598 1986 2651 Ad

415 2670 473 2723 S.
511 2670 863 2734 Felicitatem,
908 2672 1098 2739 Magni,
1142 2672 1306 2736 Casii,
1355 2669 1651 2725 Saturnini.
1686 2671 1771 2734 D.,
1819 2669 1985 2737 Moysi

415 2742 711 2809 prophetae.
745 2745 897 2809 Apud
928 2747 1191 2809 Ancyram
1223 2740 1441 2793 Galatiie
1472 2744 1644 2793 natale
1678 2748 1985 2794 sanctorum

420 2822 710 2879 martyrum
741 2814 899 2865 trium
927 2828 1207 2876 puerorum
1242 2812 1433 2874 ltulini,
1471 2810 1673 2865 Silvani
1714 2820 1767 2863 et
1802 2810 1986 2863 Vitali-

412 2896 514 2935 cae.
539 2881 623 2948 D.,
644 2879 963 2936 Cavellionis
988 2884 1161 2945 passio
1184 2883 1243 2936 8.
1270 2882 1505 2936 Marcelli
1526 2881 1783 2951 episcopi.
1802 2880 1987 2936 Trevi-

412 2953 486 3005 ris
515 2953 694 3005 natale
718 2952 775 3007 S.
804 2964 825 2989 υ
853 2952 1055 3005 Paulini
1085 2952 1343 3019 episcopi.

482 3041 535 3094 5.
561 3072 628 3081 ——
648 3042 829 3097 NONIS.
862 3042 1025 3097 Vacat
1049 3043 1225 3099 Baeda.

485 3132 673 3187 Florus
718 3134 770 3187 in
819 3138 885 3188 A.
918 3144 970 3187 ct
996 3134 1060 3187 T.
1090 3152 1102 3188 :
1134 3136 1189 3188 lu
1222 3132 1507 3189 Viennensi
1553 3134 1769 3191 civitate
1816 3133 1991 3202 passio

406 3223 463 3278 S.
492 3227 517 3267 ιι
542 3223 737 3279 Ferioli
784 3228 1035 3295 martyris
1062 3224 1147 3293 qui
1191 3226 1470 3294 gladialem
1499 3228 1735 3296 suscepit
1772 3235 1991 3279 senten-

2102 2156 2126 2183 ο
2150 2150 2345 2203 Dertini
2370 2148 2692 2202 confessoris
2718 2157 2771 2203 et
2793 2148 3061 2213 monachi,
3092 2151 3180 2221 qui
3207 2151 3256 2204 in
3288 2153 3483 2211 divinis
3509 2160 3668 2215 rebus

2100 2240 2331 2307 prudens
2364 2247 2418 2293 et
2466 2237 2518 2292 in
2552 2237 2705 2293 malis
2759 2239 2982 2308 simplex
3031 2241 3317 2298 virtutibus
3362 2248 3555 2305 claruit
3584 2252 3670 2307 di-

2098 2346 2254 2388 Villis.

2170 2449 2230 2525 ν.
2264 2448 2351 2525 (Ξη
2404 2448 2463 2525 |n_
2505 2456 2659 2525 pprtu
2708 2447 2949 2525 Romano
2994 2450 3195 2525 Quinti,
3242 2453 3482 2525 Taurini,
3532 2461 3671 2515 Aro—

2096 2520 2250 2581 stosi,
2282 2519 2487 2582 Donati,
2526 2518 2817 2581 Saturnini,
2850 2520 3083 2588 Ingenui.
3132 2522 3214 2588 8.,
3252 2526 3434 2581 Romae
3466 2518 3671 2586 'natalis

2098 2589 2194 2643 SS.
2222 2590 2439 2642 Taurini
2487 2599 2541 2641 et
2588 2589 2880 2643 Saturnini.
2919 2592 3004 2655 D.,
3041 2592 3223 2646 Roma:
3253 2594 3338 2658 D.,
3367 2595 3385 2633 τ
3417 2598 3670 2656 Victorini

2104 2661 2393 2730 martyris:
2421 2659 2633 2713 fuerunt
2676 2669 2851 2712 autem
2884 2661 2989 2713 duo
3034 2661 3224 2716 fratres
3277 2664 3578 2722 Victorinus
3618 2685 3673 2726 et

2094 2731 2405 2809 Severinus.
2442 2735 2528 2790 A..
2563 2730 3081 2809 lionmhdepositio§
3113 2732 3366 2809 Bonifacii
3407 2742 3666 2809 episcopi.

2098 2800 2183 2874 μ,
2218 2800 2270 2874 lit
2304 2801 2502 2874 Vienna
2527 2801 2712 2874 passio
2859 2802 3073 2874 ltigetiui
3123 2803 3385 2874 episcopi.
3425 2799 3671 2865 A.'l‘.'L.

2100 2872 2184 2944 D.,
2220 2870 2282 2944 ln_
2305 2871 2484 2944 Capua
2517 2870 2820 2944 Campania:
2854 2872 3027 2944 natale
3068 2870 3374 2930 sanctorum
3405 2878 3584 2944 Quinti
3615 2894 3671 2936 et

2098 2941 2305 2994 Donati.
2340 2941 2399 2993 Β.
2428 2940 2715 3008 interponit
2743 2942 2970 2993 Arcanti.

2168 3052 2221 3108 6.
2248 3080 2320 3093 —-
2346 3051 2457 3106 Vlll
2491 3051 2628 3107 lous.
2659 3051 2933 3107 Zacharia:
2965 3054 3259 3123 preplietze.

2172 3153 2391 3234 Ponitur
2421 3154 2754 3234 ult-imonloco
2800 3156 2850 3234 in
2897 3156 2959 3234 1:.
2998 3157 3439 3234 etAL.._se_cundo
3488 3164 3539 3219 in
3579 3168 3672 3234 A.,

2101 3225 2226 3278 alibi
2263 3227 2451 3294 primo.
2488 3226 2573 3291 D.,
2607 3226 2673 3280 Et
2712 3229 2887 3282 natale
2916 3228 2972 3282 S.
2997 3224 3025 3263 ιι
3047 3227 3369 3299 Onesiphori
3400 3224 3676 3304 apostolo:

1808 3315 2012 3371 SMI'I'II
2053 3314 2279 3377 NOTAE.

409 3408 525 3461 leia:
555 3421 674 3477 cum
705 3404 994 3477 Dorothea,
1024 3404 1218 3477 Thecla
1250 3415 1302 3458 et
1349 3404 1588 3469 Erasnia,
1629 3405 1727 3457 sub
1759 3404 1984 3477 _Ne_r_one
2014 3407 2056 3465 Β
2092 3406 2231 3473 regis
2255 3421 2342 3459 an.
2375 3406 2455 3459 15.
2486 3406 2620 3460 Vide
2654 3406 2822 3477 Vitam
2863 3406 2977 3474 ejus
3024 3407 3219 3461 editam
3252 3409 3389 3477 apud
3422 3409 3661 3465 Mabillo-

408 3489 528 3547 post
558 3476 721 3530 multa
761 3476 1019 3542 supplicia
1065 3476 1242 3543 gladio
1285 3490 1423 3547 caesa
1454 3484 1555 3547 est.
1596 3484 1653 3547 et
1696 3490 1726 3528 a
1753 3475 1810 3530 S.
1843 3472 1983 3547 Her-

407 3544 622 3615 magora
651 3549 878 3611 sepulta.
908 3546 1011 3599 Sed
1044 3562 1108 3597 an
1144 3547 1255 3609 illa,
1288 3545 1439 3612 cujus
1471 3544 1569 3599 hoc
1595 3545 1712 3599 loco
1740 3545 1983 3597 memini-

407 3634 526 3671 nius
555 3617 626 3671 sit
654 3618 841 3671 eadem
873 3630 993 3670 enni
1026 3615 1146 3679 hac,
1177 3630 1243 3668 an
1274 3630 1393 3669 cum
1422 3631 1480 3669 ea
1512 3631 1630 3684 quae
1673 3616 1829 3669 simul
1863 3630 1983 3667 cum

406 3688 601 3744 Siricio
631 3696 684 3740 et
718 3689 967 3739 Aristone
1001 3700 1149 3751 possit
1182 3695 1283 3747 est,
1318 3686 1577 3740 incertum
1610 3687 1840 3739 videtur.

482 3759 509 3786 ⁸
536 3756 790 3810 Marcelli.
837 3756 910 3810 De
938 3756 1037 3808 hoc
1069 3756 1190 3808 vide
1214 3756 1453 3814 Surium.
1489 3766 1617 3809 tum.
1656 3756 1716 3822 V,
1739 3766 1792 3810 et
1823 3753 1984 3824 Greg.

408 3829 641 3889 anon.,
674 3842 747 3886 ix.
778 3826 834 3891 5,
867 3838 918 3879 et
940 3828 1006 3879 de
1029 3827 1178 3878 Glor.
1217 3835 1397 3889 inart.,
1432 3825 1520 3877 53.

479 3896 506 3933 ι)
537 3896 811 3962 Bonifacii.
856 3900 911 3950 In
956 3898 1265 3951 cunneterio
1314 3897 1536 3951 Maximi
1583 3896 1800 3965 sepulti,
1827 3894 1987 3965 juxta

407 3967 627 4037 Hieron.
660 3968 930 4037 Martyrol.

485 4049 507 4075 ο
539 4032 768 4089 Paulini.
796 4032 891 4090 'De
932 4039 1032 4090 hoc
1063 4037 1207 4102 vide,
1248 4052 1430 4103 supra,
1460 4036 1598 4091 diem
1637 4036 1699 4089 3i
1739 4037 1984 4106 Augusri.

480 4108 506 4145 ἀ
537 4107 750 4161 Ferioli.
793 4107 920 4162 Sive
953 4108 1203 4161 Ferreoli.
1235 4108 1332 4173 Qui
1364 4123 1483 4161 cum
1527 4117 1670 4160 esset
1700 4108 1989 4161 tribunitiae

414 4180 717 4249 potestatis,
746 4178 898 4247 jussu
927 4179 1154 4245 Crispini
1190 4177 1485 4242 inipiissimi
1516 4178 1755 4244 pr.esidis
1787 4188 1987 4242 tentus,

407 4261 467 4306 et
496 4251 668 4317 primo
719 4250 1093 4303 crudelissime
1139 4249 1470 4312 Verberatus,
1502 4249 1695 4302 deinde
1724 4250 1869 4317 gravi
1901 4264 1991 4301 ea-

418 4334 656 4374 tenarum
689 4320 925 4386 pondere
961 4329 1214 4371 oneratus
1269 4320 1318 4370 iii
1354 4321 1687 4372 teterrimum
1718 4334 1989 4371 carcerem

414 4401 591 4444 trusus
633 4398 749 4453 est,
783 4389 926 4443 u'ide
959 4389 1148 4441 solutis
1182 4388 1273 4441 Dei
1322 4398 1453 4440 nqu
1484 4389 1705 4441 vinculis
1735 4400 1786 4441 et
1810 4388 1992 4457 januis

415 4461 644 4515 carceris
678 4458 957 4526 patefactis
990 4459 1198 4519 exiens,
1249 4458 1316 4510 ab
1362 4458 1766 4525 insequentibus
1799 4462 1988 4511 iterum

414 4541 599 4598 captos
630 4541 729 4595 est,
765 4539 818 4582 et
847 4528 1089 4598 martyrii
1117 4531 1341 4589 patrnam
1370 4528 1557 4595 capitis
1585 4530 1991 4583 obtruncatione

416 4604 678 4669 percepit.
715 4601 869 4653 Baeda
904 4601 1075 4667 vnlg.,
1119 4598 1349 4653 Usuard.
1384 4610 1437 4651 et
1468 4600 1603 4661 Ado,
1636 4602 1701 4653 de
1737 4614 1802 4652 eo
1831 4610 1994 4667 agunt

423 4677 482 4727 l8
513 4673 599 4724 die
634 4670 791 4737 linjus
825 4672 1046 4722 mensis.
1085 4669 1209 4736 Ejus
1258 4684 1344 4723 res
1373 4682 1551 4735 pestas
1582 4670 1751 4723 edidit
1781 4672 1987 4731 Surins,

2092 3478 2165 3529 tiii
2194 3490 2321 3530 szrc.
2357 3492 2433 3538 tit.
2468 3478 2583 3529 Act.
2626 3477 2755 3545 Ben.
2789 3476 2973 3529 Annus
3011 3493 3139 3530 vero
3165 3476 3382 3545 quintus
3425 3480 3668 3535 decimus

2089 3546 2415 3600 Cltildeberti
2448 3547 2590 3615 regis
2622 3544 2821 3600 rectius
2851 3548 3098 3600 convenit
3136 3544 3258 3602 cum
3300 3564 3441 3601 anno
3467 3549 3667 3604 Christi

2092 3616 2216 3670 703.
2258 3616 2315 3669 8.
2360 3616 2561 3669 Bertini
2601 3616 2885 3668 absronsio
2931 3630 2960 3667 a
2994 3616 3254 3684 Folquino
3283 3619 3480 3670 sarculo
3510 3634 3559 3672 ix
3589 3621 3669 3674 la-

2090 3696 2172 3738 cta
2204 3686 2513 3738 inscribitur
2544 3700 2646 3737 xvii
2672 3685 2791 3737 Kal.
2836 3687 3082 3753 Augusti,
3116 3689 3344 3740 elevatio
3393 3688 3588 3743 saaculo
3614 3705 3664 3745 ιι

2090 3756 2356 3809 celebrata
2411 3772 2440 3806 a
2492 3753 2721 3808 Widone
2788 3754 3115 3809 Bhetnorum
3176 3757 3580 3825 archiepiscopo
3616 3775 3667 3815 vr

2092 3826 2267 3880 Nonas
2295 3826 2436 3896 Maii,
2468 3827 2745 3878 translatio
2773 3827 3004 3893 denique
3045 3827 3095 3878 in
3142 3828 3349 3879 thecam
3384 3830 3665 3896 pretiosio-

2094 3910 2205 3949 rem
2228 3895 2433 3968 ismequ
2464 3910 2581 3960 λιιι,
2617 3912 2708 3965 per
2741 3897 2957 3950 Petrum
2999 3897 3327 3951 Morinorum
3357 3895 3668 3968 episcOpum

2092 3981 2198 4019 xvtt
2226 3966 2342 4021 Kal.
2374 3969 2509 4034 Aug.

2170 4034 2189 4073 ί
2228 4038 2498 4107 Victorini.
2544 4036 2848 4091 Victorinus
2888 4047 3111 4107 martyr,
3137 4037 3287 4105 cujus
3320 4040 3483 4094 frater
3515 4041 3674 4097 fuisse

2094 4108 2381 4162 Severinus
2405 4106 2785 4172 Neapolitanus
2817 4106 3059 4169 traditur,
3094 4111 3396 4162 celebratur
3425 4112 3477 4164 iti
3501 4114 3673 4166 omni-

2096 4183 2193 4231 bus
2221 4176 2615 4246 Martyrologiis
2647 4194 2712 4250 xv
2744 4184 2870 4247 Apr.
2896 4177 2959 4249 ad
2992 4181 3167 4250 Aquas
3189 4177 3428 4247 Cutylias
3468 4194 3671 4250 marty-

2095 4249 2176 4302 rio
2214 4259 2521 4310 coronatns,
2548 4246 2689 4315 quod
2718 4263 2839 4301 cum
2891 4248 2986 4319 SS.
3036 4249 3255 4302 Marone
3291 4246 3345 4303 et
3378 4246 3673 4319 Eutyche—te

2096 4320 2155 4373 8.
2182 4319 2418 4373 Flaviani
2450 4319 2767 4387 Domitillam
2794 4317 3114 4371 conlirniare
3142 4321 3191 4369 in
3222 4317 3498 4387 proposito
3521 4331 3673 4374 tuen-

2096 4391 2176 4442 die
2205 4387 2526 4457 virginitatis
2577 4386 2910 4443 crederetur.
2959 4390 3129 4456 Atque
3163 4386 3672 4445 hutic’Arniternini

2097 4461 2389 4514 antistitem
2423 4474 2578 4512 suum
2609 4458 2771 4511 fuisse
2815 4470 3017 4526 putant.
3064 4459 3291 4511 liursum
3325 4475 3353 4512 v
3397 4462 3671 4527 Septemb.

2098 4530 2237 4583 idem
2268 4542 2597 4583 memoratur
2647 4530 2699 4582 in
2730 4528 3112 4599 Martyrulngio
3159 4531 3399 4582 Romano
3426 4541 3480 4584 et
3526 4530 3670 4596 aliis,

2096 4600 2190 4653 sed
2233 4601 2393 4654 veluti
2443 4601 2711 4663 diversus,
2746 4600 3044 4668 adrAquas
3088 4613 3262 4653 tamen
3303 4599 3544 4667 Cutylias
3574 4602 3675 4655 sub

2097 4671 2267 4724 Nerva
2318 4671 2641 4738 imperatore
2682 4667 3013 4734 interfectos,
3059 4685 3179 4723 cum
3225 4678 3370 4725 esset
3409 4672 3672 4725 Amiterni

418 4742 638 4816 toni._V.
678 4740 753 4816 De
777 4739 1281 4816 ejusntranslatione
1308 4749 1481 4816 exstat
1514 4741 1737 4816 epistola
1787 4740 1990 4816 Sidonii
2025 4757 2074 4816 ο
2102 4741 2403 4816 episcopus.
2443 4741 2569 4816 _Ado
2616 4754 2685 4816 eo
2707 4740 2793 4793 die
2814 4739 3071 4816 Severini
3104 4744 3319 4816 Iratrem
3354 4751 3536 4816 vocat;
3577 4741 3673 4816 sed

419 4812 741 4881 Apollinaris
783 4811 847 4862 ad
892 4811 950 4863 S.
1000 4809 1336 4881 Mamertino,
1372 4810 1600 4881 Ιιιιηγιι,
1648 4810 1804 4875 epist.
1847 4815 1891 4864 l.
1925 4810 1997 4863 De

413 4879 522 4935 alia
572 4896 760 4934 rursus
813 4882 949 4933 facta
984 4879 1331 4933 translatione
1364 4896 1456 4947 per
1485 4880 1829 4934 \Vilicardum
1885 4884 1997 4948 epi-

416 4966 661 5022 scopum,
710 4951 900 5005 scribit
930 4950 1046 5004 Ado
1093 4952 1143 5022 in
1185 4950 1410 5010 Cliron.,
1466 4966 1608 5022 anno
1638 4951 1762 5004 7l9.
1818 4952 1891 5022 De
1935 4950 1993 5005 S.

421 5020 657 5076 Ferreoli
682 5092 687 5093 ν
712 5020 1423 5093 corpore__apttd_Viennam
1477 5021 1650 5088 posito
1691 5022 1797 5091 agit
1835 5020 1992 5093 Greg.

418 5093 645 5153 Turon.,
680 5092 770 5143 lib.
806 5093 872 5160 de
911 5090 1092 5144 Mirac.
1119 5091 1174 5144 8.
1207 5090 1433 5151 Julian.,
1463 5106 1581 5160 cap.
1615 5094 1667 5144 τι.

493 5161 759 5215 εΒεγιὶπὶ.
801 5158 901 5214 Hic
931 5165 981 5213 iu
1012 5162 1338 5214 Constantia}
1383 5158 1575 5213 limbus
1626 5171 1778 5216 Italus
1806 5171 1912 5225 est,
1945 5171 1998 5216 et

419 5238 741 5287 monachum
789 5232 840 5284 in
892 5231 1213 5285 Luxoviensi
1268 5234 1594 5285 monasterio
1641 5234 1743 5286 sub
1802 5232 1995 5286 Eusta-

419 5307 543 5357 chio
578 5307 847 5371 professus
873 5313 989 5367 est;
1019 5318 1083 5356 ex
1107 5318 1214 5370 quo
1237 5317 1482 5368 egressus
1515 5317 1619 5355 una
1635 5317 1756 5356 cum
1786 5303 1997 5357 duobus

420 5375 706 5428 comitibus
766 5373 1113 5425 Muminolino
1154 5381 1208 5425 et
1265 5374 1639 5439 liberttamno,
1693 5389 1786 5441 per
1835 5384 1997 5427 totum

422 5444 647 5499 Galliam
680 5446 899 5496 verbum
933 5444 1275 5509 prtediCabat,
1317 5455 1370 5496 et
1402 5452 1523 5512 pOst
1555 5445 1768 5512 longum
1795 5454 1993 5510 tempo-

422 5519 497 5569 ris
527 5514 864 5569 intervallum
906 5513 961 5567 S.
1013 5516 1378 5567 Audoinarum
1422 5513 1851 5567 'l‘arvennensem
1887 5516 1999 5582 epio

424 5600 648 5653 scopum
694 5584 841 5647 adiit,
874 5596 927 5636 ut
957 5584 1003 5635 ei
1052 5582 1105 5636 in
1140 5587 1474 5650 pra:dicando
1513 5594 1660 5638 esset
1703 5599 1903 5650 comes,
1934 5592 1990 5639 et

424 5657 494 5709 ab
531 5655 808 5711 Adroaldo
859 5654 1065 5721 aCCepit
1093 5655 1265 5707 locum
1294 5655 1433 5721 apud
1464 5654 1635 5709 Sithiu
1671 5655 1758 5708 ubi
1805 5669 1990 5707 mona-

426 5728 650 5781 sterium
700 5726 1014 5786 aedificaret,
1059 5740 1200 5778 anno
1240 5727 1519 5779 undecimo
1559 5724 1850 5779 Chlodovei
1894 5725 1991 5777 lilii

426 5796 732 5867 Dagoberti,
763 5796 811 5848 id
845 5808 929 5867 est
954 5795 1147 5848 Christi
1182 5796 1285 5867 eis
1315 5808 1402 5848 aut
1434 5797 1752 5867 insequenti,
1786 5796 1875 5849 ubi
1901 5809 1990 5849 se—

429 5866 528 5925 nex
568 5871 698 5923 obiit
726 5882 867 5920 anno
895 5866 1091 5919 Christi
1133 5866 1257 5931 098,
1305 5869 1632 5924 Ciiildcbei‘ti
1666 5866 1993 5925 Francorum

843 5960 1109 6018 Parnm.
1162 5957 1376 6020 XCIV.

2104 4812 2379 4863 manifeste
2406 4811 2456 4863 ei
2486 4826 2604 4873 quae
2631 4809 2885 4863 Victorini
2931 4810 3258 4865 confessoris
3297 4823 3419 4863 sunt
3443 4812 3629 4864 tribuit
3655 4828 3669 4876 ;

2100 4880 2222 4933 licet
2250 4881 2443 4933 deinde
2493 4880 2886 4934 Amiterninqu
2921 4884 3212 4934 antistitem
3241 4892 3479 4935 creatum
3521 4882 3668 4935 velit.

2098 4949 2441 5014 Sustiicamur
2474 4967 2501 5002 v
2532 4949 2809 5016 Septemb.
2860 4951 2985 5004 olim
3043 4963 3286 5006 sanctum
3338 4951 3670 5005 Victorinum

2098 5019 2488 5085 confessorem,
2531 5022 2922 5075 Atniterninum
2945 5024 3275 5091 episcopum,
3308 5023 3670 5087 celebratum;

2098 5093 2336 5160 quicum
2390 5100 2592 5159 martyr
2629 5092 2826 5146 obiisse
2873 5101 2927 5145 et
2971 5092 3291 5147 Severinum
3335 5094 3551 5146 fratrem
3582 5092 3678 5145 hac

2100 5162 2279 5216 buisse
2312 5162 2602 5229 diceretur,
2650 5163 2774 5215 hinc
2814 5163 3034 5230 praebita
3081 5166 3294 5217 occasio
3332 5162 3674 5218 existimandi

2102 5233 2265 5286 alium
2296 5246 2416 5286 esse
2444 5248 2472 5285 a
2501 5230 2770 5285 Victorino
2801 5233 2899 5287 SS.
2929 5232 3107 5294 Nerei.
3134 5234 3384 5298 Achillei,
3417 5231 3669 5296 Maronis,

2106 5302 2418 5373 Eutychetis
2449 5304 2620 5368 socio,
2655 5313 2709 5356 et
2757 5318 2787 5355 a
2821 5302 3089 5357 Victorino
3132 5304 3460 5359 confessore.
3495 5302 3677 5355 Victo-

2104 5374 2206 5428 rini
2234 5374 2558 5444 confessoris
2605 5389 2796 5444 nomen
2838 5375 3211 5444 Martyrologio
3242 5375 3482 5444 ltomano
3508 5374 3675 5444 ascri-

2107 5453 2253 5511 ptum
2297 5458 2390 5497 vttt
2420 5443 2562 5497 Junii
2611 5442 2694 5499 his
2747 5445 2922 5499 verbis
2960 5442 3263 5500 :Catnerini
3316 5444 3374 5498 S.
3418 5442 3675 5497 Victorini

2104 5512 2453 5569 confessoris.
2484 5515 2631 5579 Quod
2658 5515 2709 5568 in
2743 5514 3131 5583 antiquioribus
3164 5516 3389 5568 Baronio
3418 5513 3677 5583 Martyro-

2110 5585 2262 5651 logiis
2283 5571 2525 5651 reperiri‘
2524 5600 2627 5637 non
2649 5595 2840 5654 potest.
2872 5571 3144 5641 Bonum).
3169 5589 3237 5641 de
3264 5584 3524 5640 Severin
3540 5571 3676 5652 Sep-

2096 5657 2416 5721 tempedano
2448 5670 2534 5708 vtit
2565 5656 2824 5710 Januarii.

2170 5734 2194 5795 tt
2220 5722 2493 5795 Bouifacii.
2537 5723 2634 5780 Hic
2664 5740 2825 5785 etiam
2857 5726 3029 5795 pridie
3054 5726 3372 5781 celebratur.

2168 5793 2196 5833 δ
2225 5793 2555 5865 Onesiphori.
2599 5797 2693 5851 llic
2721 5793 3072 5867 curn‘saticto
3103 5797 3398 5866 Porpliyrio
3432 5810 3528 5867 pro
3553 5794 3675 5867 fidei

2107 5869 2517 5939 pradicatione,
2574 5867 2727 5939 jussu
2772 5866 3032 5927 Hadriani
3089 5866 3443 5939 proconsulis
3477 5866 3674 5924 acriter

3129 5956 3205 6017 33
