4054 6190
437 389 579 446 4055

1181 390 1383 447 ΒΕωΕ
1430 387 1874 445 VENERADILIS
1911 387 2062 443 OPP.
2097 386 2270 441 PARS
2313 387 2397 442 ιγ.
2438 417 2507 430 -
2549 389 2927 445 ΙΠΞΙῸΙΗΟΔ.

3562 394 3698 451 1056

1699 497 1923 553 EDITIU
1964 496 2428 553 COLONIENSIS.

426 605 540 655 'quo
595 592 667 645 ait
723 589 1010 660 Apostolus
1057 607 1069 643 :

434 684 753 753 Onesiphori
785 682 985 737 domui.
1028 682 1181 751 Apud
1223 680 1453 735 Africam
1482 683 1757 736 beatorum
1782 680 2001 735 confes-

435 792 615 830 sorum
668 786 720 830 et
768 776 1136 844 episcoporum
1187 773 1484 839 Donatiaui,
1532 773 1793 835 Przesidii,
1854 772 2002 825 Man-

434 869 595 933 sueti,
620 868 893 931 Germani,
921 864 1155 933 Fusculi,
1180 865 1268 934 qui
1297 865 1664 933 persecutione
1693 862 2003 929 Vandalica,

431 961 584 1030 jussu
613 960 860 1014 llunerici
887 957 1022 1027 regis
1054 957 1257 1025 Ariani,
1289 971 1382 1025 pro
1410 956 1703 1010 assertione
1734 954 2011 1009 catholica:

431 1051 667 1105 veritatis
715 1048 996 1104 durissime
1058 1047 1286 1101 fustibus
1339 1047 1488 1114 caesi,
1542 1057 1596 1101 et
1644 1047 1833 1101 exsilio
1882 1055 2006 1100 sunt

428 1142 700 1197 damnati:
735 1142 872 1195 inter
895 1154 1027 1207 quos
1051 1139 1210 1194 etiam
1257 1139 1587 1206 episcopum,
1637 1140 1853 1191 nomine
1901 1136 2001 1191 Le-

428 1242 563 1296 tum,
597 1230 848 1286 incendio
878 1229 1261 1283 concremavit.
1308 1227 1457 1282 Tunc
1502 1228 1663 1282 etiam
1712 1228 2002 1296 episcopis,

426 1323 576 1390 quasi
607 1323 672 1376 ad
702 1320 981 1377 consilium
1037 1321 1375 1391 congregatis
1405 1320 1747 1389 Carthagine,
1779 1333 1883 1373 una
1914 1319 2003 1374 die

426 1418 691 1471 universae
748 1413 940 1469 AfriCa:
987 1412 1241 1467 ecclesias
1308 1411 1522 1477 clausit,
1586 1411 2003 1479 universamque

425 1508 782 1563 substantiam
822 1506 1194 1574 episcoporum
1242 1514 1296 1559 et
1341 1503 1691 1558 ecclesiarum
1738 1502 1851 1556 suis
1896 1503 2010 1567 epi-

425 1598 605 1669 scopis
638 1597 978 1654 condonavit.
1012 1588 1195 1652 San'cu
1240 1594 1415 1665 Magni
1455 1591 1806 1656 confessoris,
1848 1590 2009 1645 disci-

1130 590 1228 645 Det
1281 588 1702 645 misericordiam
1754 589 2009 643 Dominus
2039 595 2087 652 Α
2118 587 2222 657 puli
2251 591 2416 642 sancti
2448 590 2602 644 Galli.
2642 590 2825 645 Romae
2860 591 3147 647 Eleutherii
3181 594 3446 663 episcopi.
3480 598 3693 665 Cujtpu-
3750 565 3755 569 ι

2113 680 2264 734 docia
2290 680 2500 733 civitate
2538 684 2707 736 sancti
2735 683 2933 737 Cuttidi
2975 686 3212 754 episcopi
3243 696 3296 740 et
3342 688 3586 758 Eugeuii,
3637 702 3693 744 et

2112 773 2379 828 sociorum
2406 773 2543 842 ejus.

2187 908 2248 961 Ι).
2293 908 2379 961 Vll
2420 907 2538 963 Inus
2578 908 2845 963 Serrane.
2887 910 3039 978 Apud
3091 910 3461 968 Nicomediam
3514 919 3694 969 natale

2115 1001 2251 1057 beati
2276 1001 2493 1055 Joannis
2521 1003 2617 1055 sub
2642 1000 2977 1056 Diocletiano
3003 1003 3347 1071 imperatore.
3375 1006 3545 1076 Cujus
3568 1024 3692 1061 cum

2107 1093 2215 1162 jatn
2244 1095 2444 1147 viscera
2477 1094 2526 1146 in
2571 1093 2852 1161 suppliciis
2890 1094 3229 1162 defecissent,
3264 1113 3535 1166 nunquam
3569 1096 3693 1151 effi-

2108 1199 2231 1240 cere
2262 1194 2546 1254 potuerunt
2572 1195 2627 1237 ut
2666 1201 2786 1238 eum
2828 1200 2894 1240 ne
2915 1196 3229 1241 aestuantem
3259 1188 3457 1256 aliquis
3488 1189 3537 1242 iit
3578 1202 3697 1256 pte-

2112 1276 2193 1331 nis
2224 1276 2445 1331 videret.
2482 1277 2544 1330 Et
2574 1277 2751 1331 natale
2780 1280 2947 1331 sancti
2979 1278 3171 1332 Euritii
3201 1281 3439 1348 episc0pi
3470 1291 3525 1334 et
3548 1294 3693 1333 con-

2110 1369 2347 1431 fessoris,
2378 1378 2431 1423 et
2460 1370 2722 1436 depositio
2757 1368 3030 1425 Clodoaldi
3077 1374 3421 1430 confessoris.
3486 1375 3689 1428 Arelati

2109 1460 2279 1512 sancti
2323 1459 2624 1527 Augustalis
2667 1459 2903 1530 episcopi
2943 1469 2997 1515 et
3038 1460 3384 1529 confessoris,
3410 1473 3469 1517 et
3492 1473 3696 1518 sancite

2108 1547 2327 1619 Regina:
2357 1548 2613 1620 martyris

1676 1703 1906 1759 EDITIO
1949 1699 2454 1755 BOLLANDIANA.

430 1820 548 1861 rum
579 1802 847 1873 discipuli.
880 1802 941 1858 Β.
975 1802 1035 1857 C.
1076 1800 1134 1854 V.
1165 1800 1230 1856 A.
1261 1800 1327 1873 T.
1360 1800 1445 1864 L.,
1474 1799 1657 1873 Roma:
1678 1801 1768 1873 _S_.‘
1790 1808 1815 1835 α
1848 1798 2009 1873 Ειευτ
2042 1803 2084 1860 Β
2115 1808 2247 1851 tare.
2298 1799 2428 1863 Quae
2474 1797 2745 1865 speculata
2793 1796 2851 1853 S.
2906 1797 3181 1853 Evurtium
3208 1798 3385 1867 januae
3424 1801 3695 1856 inhaeren—

428 1876 585 1931 tlterii
611 1868 868 1942 episcopi.
900 1874 963 1927 A.
996 1874 1058 1926 Τ.
1093 1873 1179 1938 L.,
1211 1873 1275 1925 ιιι
1300 1872 1564 1939 depositio
1592 1872 1651 1924 S.
1678 1868 2007 1942 l{llumberti

428 1940 755 2001 confessoris
780 1940 997 1997 Christi.
1027 1943 1192 2005 Alius,
1234 1942 1554 1995 sacerdotis.
1590 1942 1677 2003 Β..
1709 1940 1763 1993 ln
1796 1943 2007 1992 territo-

428 2019 510 2069 rio
556 2014 905 2095 Cappadocia:
953 2014 1167 2069 civitate
1226 2013 1427 2067 Reaten
1460 2014 1637 2067 natale
1671 2012 1728 2065 S.
1759 2014 1781 2041 ο
1806 2008 2005 2065 Cartidi

423 2101 542 2141 cum
573 2100 734 2141 SOCIIS
761 2100 892 2139 SUIS.

499 2188 552 2242 7.
575 2217 646 2229 —
669 2186 757 2241 νη
789 2185 932 2240 lous.
973 2185 1031 2242 S.
1070 2184 1309 2240 Clodaldi
1340 2182 1680 2239 confessoris.

494 2278 646 2348 Quod
676 2278 864 2333 Florus
896 2279 947 2331 in
980 2279 1043 2331 A.
1076 2277 1139 2332 Τ.
1174 2276 1235 2331 ι..
1278 2277 1356 2331 sic
1394 2276 1543 2329 auxit
1569 2293 1580 2327 :
1606 2273 1807 2329 Eodem
1837 2272 1923 2327 die
1954 2272 2005 2325 in

426 2369 699 2425 territorio
745 2370 1069 2425 Parisiorum
1102 2369 1220 2423 vico
1264 2368 1556 2437 Novigento
1596 2368 1653 2422 S.
1684 2364 2007 2421 dClodoaldi

422 2463 752 2519 confessoris
780 2470 835 2517 et
860 2463 1020 2529 regis.
1045 2460 1231 2515 Simile
1260 2456 1383 2528 quid
1418 2460 1607 2528 legitur
1636 2460 1689 2511 in
1720 2458 1778 2512 Β.

500 2557 646 2612 idem
682 2555 871 2610 Florus
896 2556 1064 2623 primo
1090 2553 1210 2609 loco
1236 2552 1336 2607 hoc
1359 2552 1515 2606 habet
1545 2570 1557 2604 :
1584 2549 1887 2605 Anrelianis
1915 2548 2008 2603 de-

426 2651 619 2722 positio
652 2648 711 2704 S.
740 2657 763 2686 ε
794 2647 995 2701 Lvurtii
1026 2646 1258 2715 episcopi
1290 2654 1342 2699 ct
1381 2643 1723 2708 confessoris,
1755 2643 1843 2711 qui
1877 2651 2008 2695 tem-

426 2755 554 2808 pore
593 2737 928 2793 Constantini
980 2736 1317 2805 imperatoris
1367 2749 1526 2789 causa
1567 2731 2006 2801 requirendorum

428 2832 652 2886 fratrum
698 2842 967 2898 egressus,
1018 2826 1071 2881 in
1124 2825 1428 2880 Aurelianis
1469 2825 1738 2894 ingressus
1782 2833 1863 2876 est
1920 2837 2009 2875 ur-

423 2924 545 2978 bem
578 2938 593 2976 :
620 2920 708 2975 ubi
741 2929 868 2973 tunc
891 2917 1039 2973 clero
1082 2926 1137 2972 et
1181 2917 1375 2985 popqu
1401 2916 1664 2985 jejunium
1700 2914 2007 2969 triduanum

426 3013 738 3069 celebrante
781 3024 876 3080 pro
906 3008 1141 3063 antistite
1174 3008 1368 3073 futuro,
1404 3008 1472 3062 ab
1502 3007 1725 3062 ostiario
1767 3005 2007 3061 ecclesia:

422 3103 475 3158 in
505 3100 738 3172 hospitio
770 3109 1040 3169 receptos,
1072 3107 1127 3153 et
1157 3114 1325 3168 usque
1351 3098 1415 3151 ad
1448 3098 1589 3151 diem
1624 3098 1838 3152 tertium
1868 3096 2005 3165 pacti

2111 1898 2240 1955 tem,
2285 1889 2425 1943 illico
2456 1902 2616 1956 super
2656 1899 2816 1958 caput
2863 1889 2980 1958 ejus
3033 1890 3246 1946 insedit.
3277 1892 3433 1960 Quod
3476 1894 3690 1965 signum

2108 1979 2335 2049 populus
2388 1980 2682 2048 admirans,
2734 1982 2962 2049 amplius
3012 1982 3121 2036 Deo
3169 1998 3353 2051 preces
3408 1984 3685 2052 fundebat,

2110 2074 2300 2127 iterum
2348 2071 2607 2141 duplicari
2653 2088 2717 2127 ac
2764 2073 3020 2142 triplicari
3080 2075 3415 2130 miraculum.
3462 2072 3558 2131 His
3610 2076 3684 2132 ita

2106 2163 2384 2218 orantibus
2416 2206 2429 2228 ,
2471 2165 2714 2218 columba
2770 2165 2927 2217 tertio
2975 2165 3137 2230 venit,
3205 2167 3471 2234 tertioque
3527 2182 3691 2236 super

2109 2254 2310 2323 praefati
2345 2255 2441 2309 viri
2491 2265 2651 2322 caput
2689 2255 2902 2310 insedit.
2935 2254 3047 2309 Hoc
3079 2256 3273 2311 indicio
3318 2259 3530 2313 coalitus
3558 2260 3685 2313 dato

2106 2351 2327 2402 antistes
2365 2346 2589 2402 effectus
2626 2358 2706 2402 est
2754 2351 2949 2418 populo
2995 2350 3325 2405 Aureliano:
3355 2350 3439 2405 cui
3487 2362 3690 2408 tantam

2112 2438 2368 2491 Dominus
2422 2438 2647 2491 contulit
2694 2442 2943 2507 gratiam,
2987 2449 3041 2492 ut
3095 2440 3407 2495 ntedicinale
3461 2442 3688 2497 intirmis

2117 2530 2438 2593 remedium,
2467 2538 2523 2583 et
2549 2529 2781 2597 fatigatis
2808 2529 3038 2583 diversis
3084 2530 3475 2585 calamitatibus
3506 2531 3690 2586 inﬁni-

2109 2629 2221 2672 ttttn
2255 2622 2517 2687 prazlieret
2557 2619 2899 2674 beneficium.
2951 2620 3081 2673 Nam
3120 2630 3175 2675 et
3218 2621 3269 2675 in
3306 2624 3433 2675 hora
3474 2622 3691 2677 confra-

2108 2710 2298 2764 ctionis
2323 2709 2472 2777 panis
2498 2709 2752 2775 cwlcstis,
2791 2710 2917 2763 dum
2958 2710 3026 2763 de
3067 2725 3215 2764 more
3241 2712 3554 2765 sacerdotali
3586 2712 3693 2765 hn—

2108 2800 2262 2853 stiam
2295 2799 2518 2853 elevatis
2571 2801 2816 2854 manibus
2861 2802 3015 2853 tertio
3046 2799 3155 2853 Deo
3199 2801 3430 2855 oblatam
3472 2802 3695 2856 benedi-

2108 2887 2330 2941 cendum
2396 2887 2651 2951 offerret,
2726 2903 2887 2954 super
2940 2898 3096 2954 caput
3145 2888 3262 2955 ejus
3319 2889 3460 2943 velut
3523 2893 3697 2943 nubes

2116 2979 2393 3047 splendida
2421 2979 2685 3047 apparuit,
2728 2988 2780 3033 et
2809 2995 2994 3032 manus
3022 2979 3089 3033 de
3119 2980 3259 3033 nube
3305 2990 3526 3035 extensa
3573 2995 3696 3048 por-

2115 3070 2278 3123 rectis
2307 3070 2487 3139 digitis
2536 3070 2714 3123 oblata
2765 3070 3055 3125 benedixit.
3104 3070 3255 3137 Quod
3289 3072 3603 3124 miraculum
3642 3072 3692 3126 ei

420 3161 759 3265 ieiunii-nutu
794 3190 885 3246 Dei
909 3202 991 3245 est
1013 3198 1277 3244 retentus.
1307 3186 1709 3242 Conﬂuentibus
1731 3186 2003 3241 accersitis

2115 3161 2483 3215 tantummodo
2510 3174 2563 3217 et
2591 3163 2919 3218 sobdiacono
2946 3163 3083 3232 ejus,
3112 3180 3175 3218 ac
3206 3165 3292 3218 uni
3327 3164 3609 3234 pestilenti
3640 3174 3696 3218 et

421 3284 689 3355 episcopis
710 3292 762 3336 et
794 3280 1003 3350 populis
1050 3280 1313 3333 universis
1346 3279 1413 3332 ad
1459 3278 1761 3341 ecclesiam,
1796 3276 1881 3330 ille
1915 3290 2004 3343 pa-

425 3380 557 3433 riter
584 3391 703 3432 cum
732 3389 832 3429 suo
872 3373 1087 3427 intravit
1115 3372 1355 3425 ostiario.
1388 3371 1590 3438 Quibus
1632 3368 1910 3424 orantibus
1953 3378 2005 3422 et

426 3470 640 3525 Domini
680 3465 1107 3522 misericordiam
1151 3463 1609 3532 praestolantibus,
1644 3476 1771 3517 ecce
1815 3460 2009 3515 instin-

426 3572 515 3616 ctu
545 3559 639 3617 Dei
663 3558 911 3614 columba
946 3555 1257 3611 transmissa
1302 3570 1394 3623 per
1431 3556 1683 3609 insertam
1718 3553 2003 3608 fenestram

424 3653 690 3720 ingressa,
723 3648 874 3719 quasi
909 3647 996 3702 lux
1028 3649 1285 3701 inunensa
1315 3646 1543 3715 fulgens,
1569 3659 1662 3713 per
1692 3652 1855 3698 tatam
1899 3643 2009 3697 fere

428 3745 709 3800 ecclesiam
751 3755 899 3797 more
947 3755 1229 3811 personam
1280 3739 1643 3809 investigantis
1690 3737 1851 3807 coepit
1878 3735 2010 3788 voli-

2110 3255 2201 3307 Uni
2225 3252 2584 3307 castimoniali
2612 3255 2930 3320 permissum
2956 3263 3039 3308 est
3066 3256 3265 3309 videre.
3291 3254 3544 3323 Captivos
3566 3271 3697 3310 vero

2114 3343 2305 3396 fratres
2356 3354 2473 3410 post
2524 3343 2872 3414 quadraginta
2916 3360 3085 3402 annos
3124 3346 3329 3416 recepit
3379 3347 3694 3405 incolumes.

2112 3433 2379 3503 Scriptum
2413 3436 2467 3488 iit
2488 3434 2666 3491 Cestis
2696 3437 2832 3505 ejus.

2186 3523 2244 3605 Β.
2398 3525 2825 3605 Indllettevenlis
2860 3532 3038 3605 passio
3084 3542 3393 3605 sanctorum
3424 3535 3683 3599 Januarii,

2124 3595 2319 3670 Eetioli
2358 3608 2415 3670 e_t_
2458 3599 2738 3653 Desiderii.
2789 3595 2969 3666 \'.'C.,
3002 3603 3055 3655 In
3086 3602 3264 3670 Capua
3292 3604 3550 3665 Januarii.
3594 3595 3694 3660 De;

2120 3666 2347 3738 siderii._
2378 3667 2443 3720 Et
2488 3672 2662 3736 passio
2697 3672 2709 3706 ¹
2745 3674 3033 3727 Anastasii.
3079 3673 3139 3727 D.
3166 3666 3243 3728 'ct
3298 3677 3386 3738 Β..
3421 3684 3445 3721 8
3475 3675 3694 3729 Joannis

2121 3736 2257 3803 apud
2308 3736 2674 3794 Nicomediam
2725 3741 2934 3796 diaconi
2974 3746 3245 3814 martyris.
3291 3736 3381 3813 8.,
3410 3745 3466 3800 lu
3516 3746 3692 3800 Callia

1815 3827 2018 3885 SMITII
2060 3826 2292 3884 ΝΟΤᾹΞ.

433 3924 765 3986 verberatus,
808 3932 863 3978 et
906 3937 934 3976 a
968 3920 1234 3977 ferocibus
1274 3918 1427 3986 equis
1464 3927 1724 3986 raptatus,
1756 3919 1998 3987 spiritum

426 3996 535 4049 Deo
563 3994 814 4049 reddidit.
850 3992 1021 4047 Latini
1054 4000 1217 4059 agunt
1264 3990 1330 4043 de
1375 3989 1564 4043 eodem
1610 3990 1797 4055 hodie;
1830 3991 2003 4045 (ἔταξοἰ

429 4075 606 4117 autem
638 4078 697 4117 tu
730 4063 847 4117 Kal.
882 4062 1001 4116 Maii
1053 4062 1105 4114 in
1159 4060 1480 4128 Menologio,
1519 4060 1836 4128 traduntque
1864 4062 2004 4116 hunc

426 4144 685 4213 creatum.
713 4133 874 4213 fuisse
922 4133 1231 4213 episcopum
1276 4130 1645 4213 Colophonis;
1704 4129 2004 4185 Dorotheus

425 4217 603 4259 autem
635 4203 762 4258 dicit
801 4203 1046 4257 Coroniae
1074 4219 1085 4253 :
1111 4199 1379 4267 iidemque
1406 4200 1472 4254 de
1503 4199 1692 4255 eodem
1735 4216 1835 4255 una
1877 4216 2002 4269 cum

427 4275 633 4330 Evodio
657 4274 722 4329 ad
762 4282 975 4328 sextum
1009 4271 1127 4326 ldus
1153 4269 1433 4325 Octobres.

496 4353 521 4382 ⁸
548 4344 846 4401 Eleutherii.
889 4344 1141 4407 Abbatis;
1173 4342 1429 4396 mendose
1468 4342 1610 4393 enim
1662 4340 1874 4395 additur
1906 4357 2003 4395 no-

427 4431 552 4470 men
591 4417 850 4486 ep‘scopi,
881 4428 1038 4486 quem
1085 4412 1143 4466 S.
1177 4410 1466 4486 Gregorius
1514 4425 1646 4480 papa
1673 4411 1765 4465 lib.
1793 4428 1846 4466 nt
1884 4411 2003 4465 Dia-

424 4486 558 4556 log.,
588 4482 708 4553 cap.
748 4483 840 4552 35,
874 4482 1060 4540 scribit
1086 4482 1325 4538 oratione
1368 4490 1422 4536 et
1451 4483 1701 4550 lacrymis
1730 4492 1997 4537 mortuum

425 4557 737 4610 Suscitasse.

498 4625 525 4664 ι’
561 4625 849 4679 ffumberti.
904 4620 1221 4680 Fundatoris
1270 4619 1578 4676 monasterii
1631 4621 1999 4677 Maricolensis

429 4698 481 4751 in
525 4694 838 4756 llmnnuia;
886 4695 1041 4762 cujus
1090 4694 1283 4747 natalis
1332 4694 1631 4762 celebrator
1663 4708 1763 4745 xxv
1793 4694 1996 4759 Martii;

429 4767 624 4821 festum
666 4761 1026 4820 translationis
1051 4779 1178 4817 vero
1206 4763 1379 4817 hodie.
1415 4761 1527 4815 Hoc
1566 4764 1703 4816 enim
1735 4762 1821 4817 die
1847 4768 2001 4831 hujus

430 4852 625 4907 corpus
674 4847 792 4905 post
832 4835 1195 4907 centesimum
1249 4834 1742 4907 quinquagesimum
1803 4849 1999 4888 annum

429 4902 766 4961 dorinitidois
812 4921 922 4960 sum
962 4905 1095 4958 adeo
1144 4902 1366 4957 illtesnm
1418 4918 1479 4955 ac
1512 4906 1876 4970 incorruptum
1922 4906 2000 4957 in-

431 4988 649 5032 ventum
692 4985 775 5032 est
820 4991 880 5029 ac
907 4975 951 5029 si
998 4974 1185 5029 eodem
1216 4974 1302 5026 die
1340 4974 1582 5027 obiisset.
1619 4972 1693 5027 De
1729 4974 1788 5028 S.
1836 4976 1996 5028 llum:

432 5049 582 5105 herto
608 5062 654 5102 et
688 5048 789 5101 hac
817 5045 1164 5100 translatione
1197 5043 1315 5099 vide
1340 5044 1485 5113 plora
1517 5045 1658 5112 apud
1685 5045 1999 5100 Bollandum

429 5120 515 5173 die
547 5133 643 5172 xxv
668 5117 861 5170 Martii.

504 5193 524 5220 ε
553 5187 768 5241 Cartidi.
812 5186 1025 5240 Rectius
1072 5184 1305 5249 Cottidi,
1350 5183 1439 5253 qui
1490 5183 1782 5238 secundum
1844 5184 2000 5239 Baro-

429 5258 574 5314 nium
605 5258 862 5313 diaconus
891 5264 1024 5320 erat,
1059 5263 1112 5308 et
1143 5254 1325 5308 habuit
1354 5255 1560 5308 socium
1586 5254 1904 5323 Eugenium.

497 5330 523 5369 ἀ
548 5325 845 5382 (Ζιυάοαίάὲ.
886 5324 1218 5379 Chlodomiri
1244 5325 1381 5394 regis
1407 5323 1730 5379 Francorum
1762 5325 1851 5379 lilii
1877 5336 1999 5380 natu

428 5399 651 5453 minimi.
696 5394 794 5451 Hic
834 5395 967 5450 duos
998 5395 1198 5464 habuit
1220 5394 1408 5449 fratres
1437 5409 1570 5464 quos
1601 5397 1771 5462 patrui
1814 5412 1999 5450 eorum

429 5468 785 5535 trucidabant,
807 5477 862 5523 et
889 5467 933 5521 si
964 5465 1134 5534 ipsum
1165 5463 1510 5520 Clodoaldunt
1541 5464 1775 5532 reperire
1804 5470 2003 5533 potuis-

433 5548 565 5606 sent,
615 5552 712 5593 nec
764 5540 860 5592 viri
892 5538 1055 5590 fortes
1091 5536 1630 5606 eum_interneciooe
1660 5536 2001 5597 liberassent,

433 5604 601 5674 ipsum
631 5611 737 5662 etis
763 5625 793 5658 n
817 5606 1191 5662 trucidasset".
1217 5604 1538 5660 Clodoaldus
1568 5614 1768 5670 autent,
1800 5606 1999 5661 eastisr

428 5686 531 5728 ctu
552 5678 761 5730 duobus
789 5675 1042 5730 fratribus
1068 5679 1236 5728 lieres
1267 5676 1472 5745 paterni
1505 5678 1651 5745 regni
1678 5680 1825 5730 solus
1857 5675 2001 5729 insti-

431 5753 613 5803 tutus.
665 5745 892 5812 regalem
941 5758 1187 5811 pompam
1238 5745 1382 5799 illico
1422 5744 1699 5811 despexit,
1752 5746 1997 5811 lectioni,

428 5814 658 5867 orationi
690 5823 743 5869 ct
770 5813 902 5867 mise
936 5814 1149 5867 tcordttl:
1204 5814 1424 5871 vaeavil-
1463 5814 1800 5881 perfectionis
1848 5819 2000 5886 cupi“

2107 3918 2207 3973 dus
2232 3921 2289 3973 S.
2320 3918 2558 3973 Severini
2598 3917 2893 3986 discipline
2922 3934 2979 3973 se
3028 3920 3295 3987 submisit,
3339 3932 3390 3975 et
3422 3925 3691 3979 monasti-

2108 4004 2229 4043 cnm
2282 3990 2515 4061 hab.tntn
2549 3990 2737 4043 induit.
2785 3990 3001 4044 l’arisiis
3038 3993 3106 4044 ab
3156 3993 3390 4046 Eusebio
3444 3994 3685 4061 ejusdem

2111 4061 2255 4115 urbis
2304 4059 2557 4125 episcopo
2604 4060 2889 4128 presbyter
2930 4061 3206 4115 ordinatus
3236 4072 3357 4127 est;
3413 4059 3688 4129 rt‘postea

2109 4132 2349 4184 Condidit
2382 4138 2759 4200 monasterium
2794 4134 2842 4182 in
2874 4132 2991 4184 vico
3022 4133 3342 4187 Novientutn
3374 4134 3536 4198 dicto,
3567 4153 3686 4200 qua:

2113 4201 2269 4269 vulgo
2299 4198 2456 4253 hodie
2486 4200 2679 4253 dicitur
2710 4201 3095 4265 Saim-Clond;
3129 4204 3213 4255 ubi
3255 4205 3485 4258 ecclesia
3519 4198 3687 4258 colle-

2108 4272 2276 4339 giata,
2310 4269 2706 4337 destructojatn
2742 4271 2942 4337 pridem
2993 4278 3341 4339 monasterio,
3387 4291 3527 4327 nunc
3560 4276 3687 4328 visi-

2111 4352 2215 4405 tur,
2263 4341 2314 4393 in
2355 4354 2454 4408 qua
2502 4339 2618 4407 ejus
2658 4354 2867 4393 sacrum
2909 4356 3104 4408 corpus
3150 4358 3474 4397 asservatur.
3516 4346 3688 4399 Vitam

2109 4414 2223 4479 ejus
2257 4411 2419 4465 habes
2449 4410 2500 4463 in
2534 4412 2677 4462 Actis
2710 4412 2806 4465 SS.
2834 4414 3036 4465 ordinis
3066 4414 3392 4467 Benediciini
3420 4418 3617 4469 Stcculo
3648 4433 3691 4470 t.

2108 4483 2306 4535 Scribit
2356 4483 2421 4535 dc
2477 4494 2543 4535 eo
2586 4479 2745 4550 Creg.
2796 4482 2997 4536 'l‘orou.
3038 4486 3105 4538 de
3132 4495 3266 4553 gest.
3316 4484 3622 4551 Fiant-.1",
3656 4487 3691 4540 6

2024 4538 2078 4597 D
2105 4563 2157 4607 et
2190 4556 2275 4605 18.

2183 4626 2205 4654 θ
2232 4624 2448 4676 Eourtii.
2492 4620 2590 4687 Qui
2625 4622 2797 4687 primo
2826 4621 3008 4676 [totum
3040 4624 3292 4678 Ecclesia:
3321 4624 3691 4682 subdiaconus

2107 4692 2237 4753 fuit;
2276 4693 2471 4747 deinde
2509 4701 2564 4744 ut
2612 4692 2999 4765 Enniorpltiutn
3032 4703 3084 4747 et
3112 4695 3355 4749 CusSlHlll
3400 4710 3530 4749 Suos
3563 4713 3689 4765 ger-

2106 4779 2294 4817 manos
2326 4780 2394 4832 qu
2416 4772 2592 4815 cieret
2631 4774 2683 4814 et
2718 4777 2747 4814 a
2791 4764 3096 4829 Captivitate
3127 4766 3401 4826 liberaret,
3438 4764 3684 4820 Aurelia-

2104 4849 2231 4888 nunt
2268 4834 2654 4903 pertransiens,
2685 4832 2753 4885 ibi
2781 4833 2982 4887 electos
3012 4845 3093 4888 est
3122 4837 3427 4903 episcOptis.
3459 4838 3687 4893 Succes-

2104 4918 2280 4958 solem
2317 4906 2499 4957 habuit
2529 4901 2812 4955 Attianum.
2856 4905 3098 4958 Interfuit
3139 4901 3364 4959 concilio
3398 4906 3688 4962 Valentino

2103 4977 2374 5027 celebrato
2420 4979 2472 5028 in
2521 4973 2701 5044 Galliis
2755 4974 3009 5027 Gratiano
3051 4990 3109 5028 Itt
3158 4988 3203 5028 et
3250 4977 3457 5044 Equitio
3512 4992 3687 5044 0055.,

2103 5059 2245 5114 anno
2268 5044 2396 5098 δη.
2434 5045 2546 5096 Vita
2578 5043 2693 5114 ejus
2724 5052 2898 5097 exstat
2930 5048 3067 5114 apud
3091 5043 3330 5112 Snriutn,
3369 5058 3499 5100 tom.
3537 5048 3597 5100 γ.

2184 5113 2510 5168 fAnastasii.
2582 5112 2678 5167 llic
2729 5112 2986 5182 Aquileia:
3047 5131 3235 5183 passus
3296 5128 3379 5169 est
3434 5128 3490 5171 et
3547 5118 3682 5172 fullo

2107 5184 2269 5238 fuisse
2291 5185 2486 5239 dicitur
2510 5198 2539 5235 a
2568 5183 2774 5237 Mulano
2800 5185 2849 5237 in
2878 5185 3237 5240 auditionibus
3260 5186 3324 5239 ad
3358 5186 3684 5251 lis-nardum,

2103 5266 2160 5310 et
2188 5256 2414 5308 Baronio
2444 5271 2564 5308 eum
2594 5266 2871 5323 sequente.
2900 5257 3004 5309 Sed
3039 5260 3215 5311 forsan
3259 5258 3341 5310 hic
3368 5260 3686 5311 Anastasius

2105 5342 2209 5399 non
2240 5328 2380 5399 alios
2406 5336 2487 5380 est
2528 5324 2594 5376 ab
2624 5340 2688 5399 eo
2724 5326 2815 5399 qui
2845 5340 3004 5399 supra
3035 5330 3230 5399 colitur
3265 5342 3391 5383 xm
3433 5333 3690 5399 Augusti,

2102 5398 2191 5465 qni
2217 5408 2268 5465 et
2293 5395 2422 5448 fullo
2442 5396 2785 5465 etiAquileia:
2808 5395 2939 5449 civis
2972 5398 3085 5451 fuit.

2175 5474 2199 5512 ι
2225 5464 2462 5520 Joomm.
2498 5463 2601 5537 llic
2627 5480 2747 5537 non
2764 5467 2967 5520 videtur
2995 5468 3252 5522 diaconus
3277 5469 3440 5524 fuisse
3464 5483 3480 5523 :
3507 5484 3691 5537 neque

2101 5539 2243 5589 cnim
2279 5552 2471 5602 praeter
2496 5535 2637 5588 hunc
2664 5536 2781 5608 quis
2823 5551 2900 5608 ex,
2938 5541 3312 5608 tttartyrologis
3343 5538 3490 5592 illntn
3522 5535 3689 5593 auiti-

2105 5610 2213 5660 tufo
2236 5609 2478 5673 designat
2504 5623 2518 5669 ;
2550 5616 2603 5659 et
2634 5606 2842 5659 videtur
2866 5606 3127 5662 Eusebius
3157 5608 3210 5662 in
3237 5611 3382 5664 Eccl.
3408 5610 3544 5664 lltst.
3566 5624 3683 5673 ant.

2102 5680 2158 5740 fl,
2195 5676 2316 5731 huic
2339 5676 2620 5731 εθιιιειιιίιιι
2642 5679 2930 5731 cantraire.
2956 5678 3151 5732 Scribit
3179 5682 3321 5733 enim
3352 5683 3453 5734 hoc
3482 5681 3639 5733 modo
3666 5699 3679 5730 ;

2108 5766 2127 5800 ι
2157 5748 2448 5802 Coofestim
2486 5748 2643 5817 igitur
2674 5762 2736 5799 ex
2784 5749 2888 5801 illis
2931 5748 3217 5817 qnispi.nn,
3260 5753 3346 5818 qui
3392 5750 3531 5803 haud
3583 5752 3688 5802 nb-

2104 5822 2285 5885 Scut'i,
2353 5819 2449 5875 sed
2505 5818 2793 5873 secundum
2848 5822 3028 5873 saeculi
3086 5821 3241 5889 hujus
3292 5824 3685 5883 excellentius.

2117 5910 2157 5921 ι
