4022 6200
418 428 432 479 Ι
446 421 546 479 037

1533 425 1727 483 SECT.
1769 428 1835 483 ll.
1880 458 1947 469 —
1987 429 2549 487 MARTYROLUCIA.

3551 442 3684 499 1058

1657 536 1887 592 Ευιτιο
1926 537 2395 596 COLONIENSIS.

483 623 546 680 F.
588 625 654 680 Vl
701 625 819 681 lous
872 628 1143 683 Sarnus.
1202 626 1456 681 Nativitas
1514 627 1837 681 beatissime
1892 627 1984 682 Dei
2019 640 2065 693 Α
2097 645 2265 685 annos
2295 631 2569 687 tredecim.
2599 632 2695 689 Hic
2722 633 2921 689 invenit
2957 636 3107 691 mine
3148 637 3524 705 magnitudinis
3556 656 3681 710 por-

415 715 691 783 genitricis
723 717 901 771 Mariae
952 726 1222 785 perpetua:
1254 718 1495 786 virginis.
1535 720 1686 787 Apud
1734 720 1991 773 Nicome-

413 802 554 854 diam
586 803 765 857 natale
805 805 974 857 sancti
1026 803 1245 857 Adriani
1294 804 1563 874 martyris,
1614 820 1736 859 cum
1767 805 1889 859 aliis
1919 806 1997 859 vi-

412 891 547 962 ginti
593 892 781 956 tribus,
830 908 964 961 quos
991 894 1347 949 Maximianus
1395 906 1513 964 post
1542 898 1848 951 innumeras
1880 912 1994 966 pa:-

412 1000 509 1039 nas
553 984 737 1054 jussit,
780 997 836 1038 ut
865 997 1018 1041 vccte
1058 987 1231 1041 ferreo
1282 1004 1475 1059 magno
1522 989 1994 1059 confringerentur

413 1078 557 1132 tibia:
603 1077 861 1147 ipsorum.
893 1079 1195 1134 Confractis
1226 1079 1403 1149 itaque
1453 1082 1722 1145 cruribus,
1752 1096 1817 1135 ac
1847 1082 1995 1149 pedi-

412 1167 512 1221 bus
553 1168 735 1222 incisis
778 1169 995 1238 insuper
1047 1181 1098 1224 et
1154 1171 1310 1225 beato
1353 1171 1585 1223 Adriano
1638 1170 1804 1223 incisa
1838 1186 1994 1224 manu

411 1274 627 1317 orantes
652 1273 705 1317 et
730 1264 928 1332 gratias
956 1276 1174 1334 agentes
1228 1264 1342 1318 Deo
1388 1265 1633 1331 spiritum
1678 1265 1990 1318 emiserunt.

410 1349 652 1420 Corpora
683 1367 868 1408 eorum
896 1354 1056 1422 jussit
1094 1366 1348 1424 tyrannus
1381 1355 1629 1419 incendi;
1674 1356 1767 1409 sed
1820 1355 1994 1410 subito

411 1445 565 1501 factae
593 1457 718 1502 sunt
762 1448 1163 1502 coruscationes
1203 1458 1256 1502 et
1288 1448 1542 1512 tonitrua,
1592 1463 1655 1501 ac
1699 1448 1908 1516 plurim,
1940 1458 1993 1502 et

410 1537 713 1593 exstinctus
757 1550 841 1594 est
873 1541 1028 1610 ignis.
1058 1541 1209 1595 Tunc
1237 1540 1524 1593 Christiani
1555 1542 1821 1609 rapientes
1853 1556 1993 1594 utar-

411 1641 587 1701 tyrum
630 1632 903 1701 reliquias,
936 1634 1174 1687 ascensis
1206 1635 1452 1696 navibus,
1499 1633 1747 1702 fugerunt
1779 1634 1989 1704 Byzan-

411 1722 564 1788 tium,
613 1734 664 1778 ct
696 1725 962 1780 reverenti
1015 1725 1217 1780 honore
1261 1726 1608 1794 sepelierunt.
1671 1726 1785 1779 Non
1836 1727 1993 1793 longo

412 1824 529 1880 post
556 1825 795 1884 tempore
818 1815 957 1869 beati
982 1817 1199 1869 Adriani
1226 1831 1423 1880 corpus
1454 1827 1537 1869 est
1559 1816 1783 1869 Romam
1814 1825 1986 1869 trans-

410 1908 599 1965 latum.
633 1910 686 1961 In
717 1908 1037 1963 suburbanis
1068 1908 1517 1978 Moguntiacensis
1540 1909 1777 1961 ecclesia:
1812 1909 1988 1961 natale

2100 724 2297 780 tionem
2339 726 2465 794 ligni
2508 726 2753 782 salutaris
2782 728 3071 784 Dominica:
3096 731 3289 796 crucis,
3339 732 3392 788 in
3439 737 3676 789 sacrario

2097 819 2235 873 beati
2267 819 2426 873 Petri.
2457 819 2553 873 Hic
2582 822 2769 875 statuit
2797 821 2848 875 in
2886 829 3121 891 tempore
3148 823 3406 879 Dominici
3432 828 3673 895 corporis

2095 909 2493 975 confractionis,
2512 913 2690 980 Agnus
2710 911 2802 965 Dei
2824 928 2853 966 a
2875 913 3019 967 clero
3038 924 3092 969 et
3113 929 3140 966 a
3170 915 3362 983 populo
3385 915 3679 981 decantari.

2096 1010 2148 1052 et
2177 1001 2449 1054 constituit
2476 1011 2531 1055 ut
2579 1002 2764 1057 diebus
2810 1006 3223 1059 annuntiatioois
3270 1006 3502 1073 DJmini,
3552 1009 3681 1064 dor-

2098 1090 2354 1153 mitionis,
2404 1100 2457 1145 et
2485 1092 2773 1147 nativitatis
2802 1108 2999 1150 sancta:
3030 1095 3121 1150 Dei
3152 1098 3423 1165 genitricis
3472 1100 3672 1167 Marite,

2096 1194 2158 1233 ac
2196 1182 2363 1235 sancti
2405 1181 2690 1248 Simeonis,
2722 1186 2859 1252 quod
2902 1186 3117 1254 hypanti
3148 1187 3332 1245 Grtcce
3361 1190 3573 1257 dicitur,
3617 1193 3681 1248 li-

2099 1272 2253 1324 tanite
2279 1282 2472 1325 exeant
2498 1288 2528 1325 a
2556 1272 2752 1327 Sancto
2796 1274 3052 1339 Adriano,
3077 1289 3129 1331 et
3169 1279 3233 1332 ad
3279 1280 3527 1337 Sanctam
3571 1283 3680 1338 Ma-

2098 1362 2225 1413 riam
2260 1362 2484 1430 populus
2513 1372 2777 1417 occurrat.
2822 1364 3005 1419 Passio
3046 1366 3318 1424 beatorum
3362 1384 3677 1444 martyrum,

2100 1456 2346 1510 Dorothei
2393 1466 2447 1511 et
2495 1455 2771 1526 Corgonii.
2822 1460 2974 1528 Apud
3006 1459 3388 1527 Nicomediam,
3430 1467 3530 1520 sub
3560 1467 3683 1521 Βίοι-

2094 1543 2320 1597 cletiano
2364 1544 2703 1612 imperatore,
2744 1560 2877 1615 quos
2918 1545 3078 1614 jussit
3112 1548 3363 1617 appendi,
3410 1561 3464 1605 et
3503 1553 3681 1621 flagris

2096 1640 2206 1685 toto
2235 1648 2458 1703 corpore
2502 1633 2712 1697 laniari,
2750 1644 2804 1689 et
2835 1637 3121 1691 visceribus
3147 1637 3259 1706 jam
3294 1640 3430 1706 pelle
3470 1641 3681 1695 nudatis

2092 1732 2245 1778 aceto
2290 1732 2344 1778 et
2390 1725 2500 1778 sale
2551 1724 2812 1793 perfundi.
2859 1726 2984 1781 Post
3028 1728 3141 1784 bzec
3179 1729 3399 1798 jubctur
3428 1733 3680 1787 craticula

2094 1817 2277 1885 prunis
2301 1816 2645 1870 subterstrata
2679 1819 2729 1870 in
2759 1819 2937 1873 medio
2968 1821 3114 1889 poni,
3145 1822 3319 1891 ibique
3348 1824 3488 1893 quod
3520 1825 3572 1879 in
3616 1842 3682 1881 co

2096 1904 2353 1973 reliquum
2400 1905 2589 1969 fuerat,
2635 1906 2901 1976 absumpti
2936 1909 3163 1964 hominis
3206 1914 3455 1980 supponi,
3489 1923 3677 1969 etnon

406 2002 578 2054 sancti
629 2001 833 2055 Disboti
891 2001 1237 2070 confessoris,
1294 2011 1349 2056 et
1412 2000 1668 2070 Frisingae
1724 2001 1986 2057 depositio
2019 1990 2065 2048 Β
2094 1996 2287 2061 subito,
2329 1996 2422 2050 sed
2470 1997 2722 2064 paulatim
2752 2001 3039 2067 succendi;
3081 2001 3146 2055 ad
3195 2004 3438 2058 ultimttm
3485 2006 3677 2075 laqueo

406 2094 582 2147 sancti
612 2093 922 2147 Corbiniani
955 2095 1217 2163 episcopi.

478 2186 544 2242 G.
569 2184 613 2242 ν
638 2185 755 2241 lous
777 2185 1042 2241 Sarrana.
1061 2217 1130 2226 -—
1172 2186 1340 2257 Sergii
1365 2200 1513 2256 papae
1534 2186 1622 2255 qui
1648 2186 1781 2240 sedit
1808 2185 1989 2238 Romae

2090 2103 2323 2157 appenso
2345 2089 2499 2156 jussit
2525 2088 2725 2144 necari.
2756 2090 3039 2159 lnterjecto
3067 2101 3306 2163 tempore
3328 2095 3518 2150 beatus
3542 2097 3681 2152 Gur-

2092 2179 2279 2249 gonius
2310 2180 2532 2234 Romam
2562 2179 2895 2240 transfertur.
2931 2180 2985 2235 ln
3017 2182 3230 2239 Sabinis
3257 2195 3560 2241 sanctorum
3588 2186 3679 2241 Ja-

1663 2299 1889 2354 ΕυΙΊΊΟ
1932 2292 2439 2351 υυιΛΑΜΜΑΝΑ.

405 2396 623 2451 Arelate
650 2394 916 2462 depositio
948 2392 1005 2447 S.
1038 2402 1062 2431 ⁸
1096 2393 1419 2463 Augustalis.
1456 2391 1656 2445 Eodem
1681 2390 1767 2444 die
1800 2389 1976 2443 natale

403 2467 462 2522 8.
493 2467 518 2503 δ
553 2468 768 2535 Regina!
795 2464 1054 2533 Virginis.

476 2556 531 2611 8.
558 2587 626 2597 —
652 2556 714 2610 Vl
740 2556 880 2610 lous.
930 2554 1118 2610 Natale
1146 2565 1344 2609 sancta:
1373 2555 1462 2607 Dei
1494 2552 1766 2622 genitricis
1793 2549 1988 2603 Marim.

403 2647 607 2703 Eodem
656 2646 743 2702 die
796 2647 849 2701 in
895 2646 1202 2700 Nicomedia
1231 2645 1407 2701 natale
1448 2646 1505 2701 S.
1552 2654 1573 2681 ε
1605 2641 1820 2697 Adriani
1844 2657 1991 2695 mar-

404 2742 541 2811 tyris
567 2754 687 2794 cum
719 2738 839 2793 aliis
871 2737 1055 2808 viginti
1086 2738 1275 2792 tribus.

472 2852 540 2906 A.
570 2861 625 2906 et
650 2850 716 2905 Τ.
749 2849 1083 2917 interjiciunt
1108 2860 1155 2904 et
1186 2849 1246 2905 S.
1279 2847 1305 2885 ἀ
1340 2849 1584 2902 Nemesii.
1614 2848 1677 2902 V.
1724 2848 1862 2902 etC.
1892 2848 1986 2900 ad-

398 2923 532 2977 dunt
560 2940 572 2975 :
609 2921 883 2985 Demetrii,
915 2920 1104 2974 Severi
1136 2936 1257 2973 cum
1292 2920 1409 2972 aliis
1462 2919 1731 2972 undecim.
1762 2921 1847 2980 L.,
1874 2935 1990 2971 mu-

402 3004 509 3047 tata
534 2993 738 3059 phrasi,
775 2992 895 3052 Ipso
918 2990 1005 3045 die
1046 2991 1099 3043 in
1124 2990 1431 3044 Nicomedia
1466 2992 1643 3057 passio
1677 2989 1733 3043 S.
1764 2989 1986 3043 Adriani

397 3074 449 3117 et
477 3064 735 3116 comitum
765 3060 883 3130 eius
914 3077 927 3114 :
960 3060 1048 3129 qui
1094 3061 1236 3127 passi
1282 3069 1407 3113 sunt
1434 3060 1533 3114 sub
1558 3061 1879 3113 Maximiano
1900 3060 1987 3130 vi-

396 3135 530 3201 ginti
588 3144 702 3186 tres
735 3127 989 3184 numero.
1043 3131 1130 3197 Β..
1161 3131 1216 3185 In
1247 3130 1532 3186 Antiochia
1564 3131 1740 3185 natale
1768 3130 1861 3184 SS.
1898 3127 1983 3182 Ti-

399 3203 627 3266 mothei,
664 3209 687 3239 °
719 3201 979 3257 Faustini.

2163 2384 2215 2437 9.
2243 2412 2311 2422 —
2337 2382 2379 2437 γ
2404 2383 2542 2439 lous.
2567 2383 2751 2439 Natale
2781 2385 2841 2441 S.
2872 2384 2891 2424 ί
2925 2386 3193 2457 Gregorii.

2364 2477 2446 2549 ι...
2506 2486 2560 2531 et
2604 2478 2855 2533 Dorothei
2907 2480 3219 2549 Martyrum.
3269 2482 3331 2539 V.
3382 2482 3444 2538 C.
3481 2485 3567 2549 D.,
3620 2488 3672 2541 In

2096 2557 2120 2619 αξ
2150 2546 2362 2619 sabinis
2395 2547 2695 2619 Myacinthi,
2734 2546 3059 2619 Alexandri,
3081 2551 3329 2608 'l‘iburtii.
3360 2556 3449 2619 A.,
3485 2546 3668 2612 Natale

2092 2618 2149 2672 S.
2175 2615 2427 2690 Gorgottii
2446 2615 2708 2690 ’tnartyris
2731 2628 2784 2671 et
2805 2618 3053 2674 Tiburtii.
3087 2620 3153 2673 Et
3176 2615 3445 2690 depositio
3461 2625 3519 2681 S.
3549 2630 3671 2683 Ale-

2098 2688 2341 2757 xandri._
2362 2687 2450 2753 T.,
2486 2687 2670 2740 Passio
2703 2690 2980 2743 beatorum
3013 2687 3307 2757 martyrum
3350 2692 3378 2730 ιι
3423 2695 3676 2752 Dorothei

2097 2767 2257 2832 atque
2310 2755 2587 2832 Gargonii.
2637 2758 2724 2832 1‘_.,
2766 2759 2831 2832 Et
2861 2755 3213 2832 depositio—8.
3246 2766 3556 2821 Alexandri.
3590 2769 3675 2832 Β..

2100 2827 2155 2881 In
2187 2826 2430 2910 Caesarea
2475 2829 2827 2898 Cappadociae
2875 2826 3053 2884 natale
3081 2831 3177 2885 SS.
3214 2832 3515 2905 Fortunati,
3548 2826 3674 2893 Arn;

2096 2914 2281 2953 tnonn.

2166 2996 2354 3052 Florus
2384 2997 2437 3052 in
2468 2999 2533 3053 A.
2565 2998 2631 3053 T.
2663 2998 2721 3052 L.
2760 3015 2773 3053 :
2805 2997 2925 3067 Ipso
2967 2998 3054 3054 die
3084 3000 3380 3057 Tarvenna:
3406 3005 3676 3074 depositio

2094 3086 2151 3143 S.
2183 3085 2195 3124 ί
2226 3088 2516 3143 Audomari
2544 3088 2775 3159 episcopi
2803 3100 2855 3144 et
2880 3088 3205 3144 confessoris
3228 3091 3534 3165 (ﬂuensque
3562 3096 3676 3167 Ιώ),

2098 3177 2189 3244 qui
2249 3178 2448 3232 mundo
2496 3188 2761 3243 mortuus,
2806 3178 2916 3233 Deo
2959 3180 3167 3244 vivens,
3219 3182 3680 3257 plurimarumque

1802 3290 2011 3348 SMl'l'll
2052 3288 2277 3343 NOTAE.

398 3409 537 3464 sicut
567 3416 841 3477 putantur,
871 3404 1239 3477 gloriosiss‘inti
1286 3412 1457 3477 erant,
1490 3403 1647 3457 simul
1683 3414 1837 3471 atque
1863 3407 1973 3460 edi-
2003 3403 2052 3466 C
2081 3402 2373 3466 sociorum,
2430 3401 2567 3477 licet_
2599 3399 2781 3477 forsan
2809 3398 2925 3477 ejus
2982 3401 3158 3477 passio
3204 3417 3255 3455 tv
3286 3402 3465 3477 Nonas
3497 3406 3669 3464 Martii

396 3492 544 3533 ctum
571 3475 768 3531 contra
799 3478 1062 3547 Ecclesias
1097 3475 1419 3547 Nicomedia:
1449 3484 1590 3547 esset
1624 3477 1975 3547 propositum,

398 3549 517 3604 zelo
546 3550 640 3604 Dei
673 3559 848 3603 motus
893 3562 955 3600 ac
995 3544 1219 3599 ferventi
1254 3547 1356 3598 fide
1398 3546 1677 3612 impulsus,
1725 3548 1774 3598 in
1808 3544 1975 3600 mani;

397 3622 533 3675 festo
566 3636 628 3674 ac
676 3620 886 3687 publiCo
920 3617 1142 3678 positam
1192 3617 1531 3687 scripturam,
1576 3624 1823 3683 t:mquam
1859 3633 1979 3682 pro-

397 3691 574 3745 fanam
617 3686 687 3743 et
716 3688 1089 3755 impiissimam
1136 3687 1353 3740 sustulit
1398 3700 1459 3737 ac
1500 3686 1801 3753 discerpsit.
1844 3690 1975 3741 Cum

398 3766 506 3814 duo
536 3762 891 3829 imperatores
922 3758 973 3809 in
1002 3757 1190 3809 eadem
1222 3758 1458 3817 civitate,
1490 3766 1538 3809 et
1566 3758 1653 3821 qui
1689 3760 1823 3811 inter
1853 3760 1977 3811 reli-

394 3847 532 3900 quos
563 3839 679 3883 erat
709 3828 1174 3888 ltouorz‘ttissimus,
1202 3829 1622 3900 acqnartumab
1652 3829 1976 3900 imperatore

402 3897 613 3966 imperii
664 3901 884 3965 gradum
938 3900 1171 3957 tenebat,
1212 3897 1480 3949 adessent.
1514 3897 1705 3951 Verum
1759 3898 1843 3951 hic
1883 3901 1971 3967 qni

398 3976 601 4039 primus
632 3982 741 4023 tum
776 3969 840 4022 ad
882 3967 1021 4020 hunc
1042 3968 1264 4039 modum
1302 3968 1554 4033 praeclare
1599 3983 1657 4021 se
1685 3971 1870 4036 gessit,
1901 3971 1975 4022 si-

395 4038 503 4095 inul
533 4058 593 4095 ea
621 4056 739 4109 qua:
773 4052 901 4092 vero
934 4038 1180 4090 similiter
1211 4045 1456 4109 tanquam
1479 4053 1590 4089 rem
1623 4049 1818 4109 tantam
1844 4057 1974 4094 auso

393 4112 540 4165 illata
578 4107 727 4173 sunt,
781 4123 1067 4175 perpessus
1124 4118 1226 4161 est.
1260 4125 1277 4155 ι
1315 4107 1462 4173 Quod
1517 4118 1694 4161 autem
1739 4108 1849 4162 ltzec
1906 4111 1974 4165 tle

392 4182 601 4235 Joanne
646 4181 1036 4246 intelliguntur,
1064 4178 1286 4229 consule
1310 4179 1485 4229 omnia
1517 4178 1623 4231 fere
1653 4178 1970 4247 Martyrolo-

392 4255 501 4322 gia,
535 4268 656 4321 quae
690 4267 795 4302 uno
827 4263 1091 4322 consensu
1119 4247 1224 4300 hoc
1258 4247 1453 4322 factum
1476 4248 1523 4322 ei
1554 4250 1845 4301 ascribunt.

466 4316 825 4391 'Anguualis.
849 4320 972 4391 Qui,
992 4319 1113 4371 licet
1139 4328 1363 4381 ponatur
1379 4316 1615 4391 Arelate,
1642 4329 1817 4391 tamen
1847 4320 1969 4372 dum

394 4388 664 4462 reperitur
694 4391 834 4444 idem
867 4389 1152 4462 episcopus
1180 4388 1520 4462 subscriptus
1541 4389 1767 4462 colicilio
1799 4392 1971 4456 primo

393 4456 723 4516 Arausicano
755 4471 995 4527 tempore
1024 4459 1083 4511 S.
1113 4456 1305 4510 Leonis
1332 4473 1501 4523 νίψω,
1531 4473 1635 4524 quo
1657 4460 1828 4512 eidem
1857 4464 1968 4513 sedi

392 4534 692 4587 Arelatensi
753 4540 981 4599 praeerat
1029 4528 1086 4599 S.
1133 4527 1383 4599 Hilarius,
1430 4529 1517 4599 qui
1562 4527 1734 4580 eidem
1765 4532 1970 4595 synodo

390 4602 667 4667 interfuit;
698 4596 915 4655 alterius
954 4597 1127 4667 potius
1170 4597 1402 4669 civitatis
1433 4596 1643 4650 videtur
1671 4599 1833 4652 fuisse
1857 4603 1969 4669 epi-

389 4688 586 4740 scopus
619 4690 633 4726 :
670 4688 791 4724 nam
847 4680 901 4723 et
954 4672 1004 4721 in
1038 4668 1231 4722 tabulis
1273 4670 1643 4740 episcoporum
1695 4669 1969 4724 Asrelaten-

390 4739 554 4809 sium,
614 4758 747 4823 quas
799 4740 1084 4823 descripsit
1134 4739 1522 4823 Demochares,
1570 4740 1969 4823 nulla'habetur
2004 4768 2049 4823 ο

389 4808 591 4868 mentio
634 4808 725 4866 'de
759 4812 1030 4877 Augustali
1063 4812 1335 4877 episcopo.
1373 4809 1575 4863 Baaos.
1605 4809 1657 4861 in
1690 4808 1856 4865 Notis.

462 4884 488 4922 δ
522 4886 749 4955 Regium.
784 4884 912 4947 Qua:
970 4895 1126 4955 passa
1156 4889 1239 4932 est
1286 4880 1423 4955 apud
1454 4879 1675 4955 Alisiam
1707 4882 1806 4933 sub
1838 4881 1970 4955 Oly-

389 4955 507 5009 brio
550 4950 821 5025 pra-lecto,
876 4951 1128 5025 carceris,
1161 4952 1371 5025 equulei
1405 4965 1466 5003 ac
1503 4950 1863 5025 lampadarum
1897 4954 1971 5005 l'e-

388 5042 513 5079 rens
551 5020 851 5091 'snpplicia,
896 5022 1109 5073 demum
1157 5020 1367 5087 capitali
1400 5023 1664 5074 sententia
1696 5024 1966 5077 damnata.

388 5098 554 5150 l‘ern.
586 5110 652 5148 ne
684 5095 887 5149 NATAL.

463 5175 484 5198 ε
524 5165 762 5219 Adriani.
810 5165 975 5232 Hujus
1012 5162 1205 5213 natalis
1230 5160 1425 5214 rectius
1453 5163 1752 5217 celebratur
1781 5180 1830 5218 tv
1862 5164 1969 5217 No-

387 5250 484 5288 nas
516 5237 706 5289 Martii.
760 5235 856 5299 Qui
889 5248 1010 5285 cum
1064 5232 1184 5285 aliis
1214 5242 1331 5297 post
1378 5234 1541 5286 multa
1573 5235 1828 5302 supplicia
1870 5237 1971 5289 sub

387 5306 721 5359 Diocletiano
765 5319 818 5357 et
867 5304 1187 5357 Maximiano
1236 5303 1403 5371 itnpp.
1454 5313 1765 5373 martyrium
1798 5306 1968 5358 cruri-

386 5380 552 5441 fragio
584 5377 993 5429 consummavit.
1030 5374 1223 5426 Eorum
1250 5376 1492 5441 reliquiae
1517 5391 1545 5426 a
1587 5376 1770 5428 Natale
1802 5391 1969 5428 uxore

382 5448 442 5500 8.
478 5447 696 5499 Adriani
729 5457 780 5499 et
834 5446 957 5497 aliis
987 5444 1227 5497 fidelibus
1259 5443 1493 5514 ignibus.
1524 5446 1576 5497 in
1605 5460 1741 5514 quos
1774 5446 1964 5513 injecta

380 5528 509 5569 sunt
558 5532 743 5569 eorum
804 5530 1027 5581 corpora
1062 5529 1129 5567 ne
1182 5530 1209 5565 a
1255 5512 1575 5568 Christianis
1626 5512 1961 5581 tollerentur,

380 5596 583 5653 erepta:
612 5598 753 5651 Sunt,
807 5597 858 5638 et
888 5585 1200 5654 Bytantium
1249 5584 1458 5649 delatrc,
1491 5587 1668 5652 ibique
1695 5589 1959 5641 reverenti

384 5659 593 5710 honore
648 5665 895 5724 receptis.
958 5654 1080 5707 Inde
1125 5664 1307 5723 postea
1358 5656 1416 5710 S.
1470 5656 1717 5709 lladriaui
1766 5674 1958 5725 corpus

383 5734 609 5781 Ruinam
663 5729 762 5780 hac
800 5729 886 5779 die
920 5726 1235 5779 translatum
1267 5726 1383 5779 fuit.
1417 5726 1493 5781 De
1522 5729 1602 5779 his
1635 5730 1956 5796 martyribus

383 5799 572 5854 Sorins
621 5808 753 5852 tom.
811 5796 849 5847 γ
900 5797 1155 5864 legendus
1195 5806 1295 5851 est.
1344 5796 1417 5850 Ex
1450 5799 1550 5852 hoc
1584 5798 1753 5850 Baeda:
1798 5798 1964 5864 ipsius

381 5872 500 5926 loco
542 5871 755 5939 probari
814 5868 1041 5932 videtur,
1073 5866 1200 5922 olim
1246 5869 1545 5935 passionem
1579 5871 1632 5924 S.
1662 5868 1879 5923 Adriani
1913 5878 1964 5924 et

2082 3484 2330 3526 annotata
2384 3481 2504 3534 est,
2554 3469 2714 3523 hodie
2766 3470 2927 3522 fuisse
2978 3472 3326 3527 celebratam.
3379 3474 3507 3527 Cum
3540 3494 3668 3532 vero

2081 3543 2169 3595 die
2217 3540 2596 3611 translationis
2634 3540 2817 3591 Romae
2846 3540 3013 3611 etiam
3066 3540 3180 3594 dies
3206 3544 3400 3595 natalis
3438 3546 3553 3611 eius
3587 3564 3670 3603 re-

2080 3614 2369 3671 coleretur.
2403 3612 2524 3662 inde
2574 3608 2767 3661 factum
2800 3621 2879 3660 est
2918 3622 2967 3661 ιιι
3003 3610 3150 3662 locus
3178 3608 3487 3667 certaminis
3513 3616 3668 3671 Nico-

2081 3684 2253 3735 media
2316 3679 2509 3749 potius,
2560 3693 2717 3749 quarn
2752 3678 2895 3731 locus
2924 3680 3287 3734 translationis
3326 3685 3375 3734 in
3404 3685 3662 3749 Martyro-

2079 3753 2231 3821 logiis
2290 3746 2595 3823 poneretur.
2656 3747 2813 3823 Quod.
2846 3764 2975 3823 vero
3003 3749 3173 3823 Graeci
3224 3766 3397 3823 neque
3430 3746 3658 3823 hac'die,

2078 3818 2251 3888 neque
2283 3822 2347 3875 ad
2404 3829 2650 3887 quartum
2702 3820 2880 3871 Nonas
2933 3818 3125 3879 Martii.
3157 3821 3251 3874 sed
3281 3824 3511 3889 septimo
3540 3818 3661 3883 Kal;

2077 3892 2225 3959 Sept.
2278 3900 2436 3959 agant
2475 3889 3043 3943 cotnmemorationetn
3086 3891 3143 3945 8.
3203 3891 3488 3959 Hadriani;
3522 3902 3668 3952 veri-

2076 3964 2251 4016 simile
2281 3975 2499 4016 csteam
2535 3975 2625 4012 eos
2656 3974 2814 4027 agere
2856 3962 3018 4019 diem.
3049 3978 3149 4027 qua
3203 3964 3367 4027 prima
3416 3978 3494 4019 est
3530 3969 3667 4023 facta

2079 4034 2377 4109 translatio,
2425 4047 2547 4086 cum
2604 4029 2911 4083 Nicomedia
2978 4031 3495 4102 Constantinopolim
3552 4042 3669 4109 ejus

2075 4119 2271 4173 corpus
2294 4104 2665 4173 delatnntirest.

2146 4170 2189 4213 α’
2227 4173 2471 4250 rventem.
2528 4172 2624 4250 ilic
2672 4186 2799 4250 cum
2848 4170 3115 4224 Demetrio
3166 4184 3218 4226 et
3266 4174 3468 4231 Severo
3510 4180 3660 4250 juxta

2077 4246 2295 4299 Hieron.
2326 4246 2483 4297 Mart.
2518 4242 2852 4294 Alexandriae
2880 4257 3065 4303 passus
3094 4254 3195 4295 est.

2148 4324 2170 4349 ε
2200 4312 2459 4367 Faustini.
2494 4314 2537 4365 A
2567 4313 2792 4382 Barouio
2815 4322 2867 4363 ct
2899 4309 3138 4366 Usuardo
3168 4315 3254 4382 qui
3302 4314 3525 4373 Faustus
3571 4321 3655 4375 di-

2074 4396 2210 4452 ctus,
2236 4387 2302 4438 ab
2343 4385 2557 4437 Hieron.
2586 4381 2978 4435 Faustinianus.

2150 4451 2483 4523 tGregorii.
2548 4451 2744 4505 Alcalte
2786 4453 2833 4503 in
2882 4452 3137 4523 Hispania
3200 4457 3337 4521 apud
3403 4458 3655 4521 HiSpaIim

2075 4522 2346 4579 Christum
2387 4524 2666 4578 confessus
2717 4532 2817 4577 est.
2872 4522 3176 4580 FLRRM’UUS
3208 4525 3367 4581 hodie
3413 4530 3464 4582 in
3502 4531 3660 4585 Cata-

2075 4597 2196 4664 logo
2222 4597 2479 4663 generali.

2147 4676 2171 4712 s
2202 4668 2429 4719 Sabinis.
2490 4666 2548 4719 Hi
2583 4674 2848 4733 martyres
2891 4678 2967 4715 sc.
2998 4664 3248 4721 milliaria
3288 4668 3355 4721 ab
3388 4669 3526 4724 Urbe
3559 4674 3656 4727 tri-

2075 4738 2275 4789 cesimo
2306 4737 2443 4802 passi
2477 4745 2620 4789 sunt.
2661 4735 2889 4787 Usuaao.
2929 4740 3064 4787 Aoo.

2148 4810 2175 4841 ιι
2209 4807 2473 4858 Dorothei.
2513 4808 2580 4857 Et
2636 4804 2720 4856 hic
2766 4814 2820 4857 et
2846 4803 3146 4873 Gorgonius
3201 4808 3339 4874 apud
3372 4809 3652 4866 Diorletia-

2080 4894 2202 4930 num
2236 4883 2530 4943 Augustum
2558 4878 2787 4947 hooores
2818 4876 3173 4947 amplissimos
3198 4882 3491 4947 consecuti,
3525 4897 3645 4935 Clllll

2081 4950 2506 5011 persecutionem
2538 4960 2692 5013 quam
2736 4946 2827 4999 ille
2858 4945 3181 5000 Nicomediae
3211 4945 3530 5005 Christianis
3562 4954 3643 5006 in-

2082 5019 2307 5079 ferebat,
2329 5018 2743 5087 detestarentur,
2781 5026 3043 5080 praesente
3064 5030 3148 5078 eo,
3171 5019 3304 5084 jussi
3326 5032 3452 5073 sunt
3476 5024 3645 5087 primo

2080 5088 2326 5156 appendi,
2351 5100 2402 5139 et
2433 5086 2610 5152 ﬂagris
2639 5094 2748 5138 toto
2770 5100 2993 5151 corpore
3020 5087 3226 5149 laniari,
3259 5092 3450 5144 deinde
3478 5086 3644 5147 visce-

2080 5163 2223 5213 ribus
2256 5159 2389 5231 pelle
2417 5158 2647 5231 nudatis,
2680 5165 2830 5209 aceto
2857 5171 2918 5231 ac
2941 5159 3050 5231 sale
3082 5159 3344 5223 perfundi,
3370 5163 3555 5231 sicque
3592 5167 3643 5217 in

2074 5230 2327 5283 craticula
2381 5228 2569 5289 assari,
2611 5236 2772 5299 atque
2821 5226 2885 5278 ad
2920 5228 3159 5281 ultimum
3211 5231 3400 5299 laqueo
3445 5226 3643 5286 necari.

2076 5303 2267 5354 Ecses.
2327 5300 2459 5355 llist.
2522 5296 2667 5351 Eccl.
2730 5311 2843 5359 vtn,
2905 5302 3107 5362 t,etc.,
3172 5296 3337 5366 usque
3384 5305 3448 5355 ad
3490 5305 3539 5356 7.
3579 5305 3640 5357 lli

2075 5371 2385 5440 martyrium
2441 5368 2589 5440 passi
2634 5376 2759 5440 sunt
2784 5382 2923 5440 anno
2964 5370 3028 5421 19
3061 5371 3266 5437 imperii
3299 5371 3641 5437 Dim-letiant,

2074 5440 2122 5494 id
2166 5435 2247 5513 est
2300 5435 2663 5513 attno'Cbristi
2712 5435 2837 5513 ἔξω.
2893 5435 3173 5508 lnterjecto
3201 5453 3376 5495 autem
3407 5435 3646 5513 tempore

2075 5513 2132 5566 Β.
2194 5512 2444 5578 Gorgonii
2482 5524 2678 5573 corpus
2736 5508 2953 5562 liotnam
3010 5515 3244 5564 delatum
3302 5514 3417 5575 fuit,
3466 5508 3531 5567 ac
3559 5516 3641 5569 via

2070 5584 2256 5634 Latina
2311 5582 2537 5644 positum
2566 5591 2618 5631 et
2644 5579 2767 5632 inde
2810 5580 2874 5631 ad
2903 5581 3172 5634 basilicam
3206 5586 3260 5635 S.
3293 5584 3430 5637 Petri
3466 5597 3642 5639 trans-

2071 5655 2253 5705 latum.
2300 5652 2567 5715 Reliquias
2618 5664 2826 5716 quoque
2880 5652 3165 5705 translatas
3201 5654 3365 5706 ι’ωιιιίι
3409 5657 3457 5708 itt
3508 5658 3637 5712 Gal-

2064 5723 2159 5777 lius
2189 5732 2411 5775 testatur
2441 5720 2699 5789 Sigebert.
2736 5720 2789 5772 ln
2816 5720 3016 5773 Chron.
3050 5736 3137 5774 an.
3168 5722 3291 5775 761.

2112 5792 2158 5831 ’ί
2191 5793 2488 5845 Audomari.
2522 5790 2619 5856 Qui
2640 5807 2766 5861 inon
2810 5792 2963 5857 longe
2995 5806 3022 5842 a
3052 5792 3362 5847 Constantia
3404 5797 3639 5861 civitate,

2067 5865 2117 5919 itt
2148 5864 2266 5919 loco
2294 5865 2382 5933 qui
2429 5868 2597 5917 Aurea
2637 5860 2798 5915 Vallis
2831 5873 3047 5915 vocatur
3080 5872 3231 5920 natus
3256 5876 3360 5931 est,
3396 5884 3457 5921 ex
3492 5860 3640 5937 patre
