4054 6190
397 399 418 452 1
429 396 530 452 059

1197 393 1392 450 liED/E
1436 389 1886 447 VENEHABILIS
1917 389 2066 444 OPP.
2110 387 2284 443 PARS
2324 387 2408 441 IV.
2449 417 2518 428 -—-
2560 387 2941 444 IIISTORICA.

3529 394 3662 450 101.0

1661 501 1884 556 EDITIO
1921 498 2378 556 COLONIENSIS.

389 603 573 669 cincti,
603 599 908 667 Alexandri,
938 597 1210 670 Tyburcii.
1235 597 1433 654 Eodem
1457 595 1546 652 die
1570 603 1768 648 sanctae
1787 591 1967 648 Kune-
1997 597 2047 655 Α
2074 594 2315 648 ordinem
2346 592 2646 662 paschalem
2694 593 3033 660 conscripsit.
3081 592 3151 649 Et
3200 594 3462 666 depositio
3488 598 3655 654 Salvii

387 695 578 765 gundis
602 693 840 763 virginis.

462 787 524 840 A.
561 785 625 841 IV
661 786 776 839 lous
825 783 1093 838 Serrana.
1123 808 1190 820 —
1216 780 1367 849 Apud
1397 781 1631 836 Africam
1667 788 1971 836 sanctorum

387 878 756 947 episcoporum
787 872 1106 939 Nemesiani,
1143 871 1350 928 Felicis.
1394 873 1520 927 Item
1547 873 1758 938 Felicis,
1789 870 1967 937 Littei,

389 966 614 1032 Polia-ni,
635 965 880 1028 Victoris,
911 963 1118 1019 Jaderis
1137 973 1192 1019 et
1212 962 1370 1028 Dalii,
1401 965 1487 1033 qui
1517 965 1616 1018 sub
1645 962 1971 1018 Diocletiano

385 1068 440 1113 et
485 1058 800 1112 Maximiano
830 1057 968 1124 passi
999 1063 1146 1111 sunt.
1177 1055 1230 1108 In
1260 1055 1618 1109 Chalcedonia
1663 1065 1966 1109 sanctorum

384 1149 665 1204 Sosthenis
691 1157 744 1202 et
772 1146 1001 1202 Victuris
1033 1157 1344 1216 martyrum,
1377 1147 1474 1200 sub
1507 1144 1694 1200 Prisco
1723 1147 1965 1213 consule,

383 1239 568 1294 Romae
617 1237 877 1308 depositio
922 1237 1104 1291 Hilarii
1156 1250 1325 1306 papae,
1380 1251 1474 1304 per
1507 1252 1665 1306 quem
1699 1236 1967 1290 Victorius

2073 682 2328 753 episcopi,
2347 683 2413 738 de
2427 682 2578 753 cujus
2593 685 2871 738 sanctitate
2887 682 3177 756 Gregorius
3194 686 3421 742 Turonis
3441 689 3658 758 episco-

2076 789 2174 844 pus
2204 774 2433 842 scripsit,
2463 788 2685 828 narrans
2711 775 2848 844 quod
2881 790 2978 844 per
3019 777 3397 832 revelationem
3438 781 3661 838 vidisset

2077 865 2268 919 divina:
2317 865 2463 919 vocis
2507 865 2846 932 evagioatnm
2891 865 3120 932 gladium
3177 868 3454 924 imminere
3497 885 3660 940 super

2079 957 2331 1024 tegulum,
2383 955 2523 1023 quod
2561 955 2859 1024 Hilpericus
2887 972 2978 1010 rex
3013 959 3266 1026 praecepit
3289 961 3544 1026 construi,
3571 964 3658 1016 cui

2077 1047 2266 1101 visioni
2312 1046 2508 1101 veritas
2551 1047 2728 1102 statim
2774 1049 3053 1103 subsecuta
3087 1059 3188 1104 est.
3236 1051 3368 1106 Nam
3393 1060 3515 1122 post
3542 1053 3660 1108 dies

2078 1137 2262 1207 viginti
2290 1138 2442 1204 duos,
2479 1137 2569 1193 lilii
2602 1139 2741 1208 regis
2768 1139 2959 1193 mortui
2989 1151 3131 1195 sunt.

1636 1327 1864 1382 EDITIU
1905 1320 2407 1380 BOLLANDIANA.

383 1422 642 1476 virtutum
671 1420 840 1490 signis
867 1419 1074 1488 pollens
1102 1419 1396 1474 Tarvenuis
1427 1417 1574 1474 urbis
1616 1417 1871 1488 populum
1896 1417 1961 1472 ad

380 1514 582 1567 cultum
612 1511 877 1566 convertit
915 1510 1177 1564 divinum.

455 1604 542 1657 l0.
566 1631 637 1642 —
669 1600 908 1686 lVduus.
943 1600 1103 1654 Vacat
1137 1601 1316 1653 Baeda.

455 1694 514 1747 B.
548 1695 604 1748 C.
640 1693 704 1746 V.
758 1694 820 1747 A.
876 1693 940 1746 T.
1000 1692 1085 1751 L..
1121 1693 1302 1746 Romae
1331 1690 1592 1760 depositio
1628 1691 1687 1743 Β.
1724 1697 1748 1726 ⁸
1777 1689 1957 1743 llilarii

385 1780 534 1832 papa:
589 1763 891 1831 (ﬂuensque
949 1763 1054 1830 8.),
1090 1778 1183 1830 per
1227 1779 1386 1830 quem
1418 1761 1446 1800 ι)
1476 1761 1776 1814 ViCtorinns
1801 1761 1960 1813 Ordi—

384 1850 501 1887 nem
536 1836 838 1902 paschulem
871 1835 1103 1902 scripsit.
1136 1832 1202 1887 Τ.
1237 1834 1292 1885 A.
1313 1875 1327 1898 ,
1360 1834 1413 1886 In
1442 1833 1756 1885 Alexandria
1784 1832 1956 1884 natale

377 1917 683 1958 sanetoium
730 1903 960 1956 Nemesii
989 1946 1001 1966 ,
1050 1905 1277 1958 Ammon
1331 1913 1382 1956 et
1425 1902 1645 1955 aliorum
1689 1903 1963 1967 octingen-

381 1985 550 2028 torum
577 1985 628 2029 et
656 1990 748 2028 sex
780 1973 891 2046 [A.,
921 1984 969 2028 et
999 1971 1275 2044 quinque].
1303 1973 1384 2040 8.,
1410 1971 1466 2026 in
1499 1971 1817 2027 Alexandria
1841 1975 1967 2024 Am-

2075 1435 2519 1508 monirs,0rionis,
2547 1433 2740 1490 Oriosii
2775 1445 2826 1489 et
2853 1435 3377 1508 aliorumioctoginta
3418 1455 3537 1494 sex.
3563 1441 3654 1508 Β..

2073 1504 2224 1572 Apud
2249 1507 2479 1558 Africam
2495 1508 2668 1561 natale
2689 1517 2992 1559 sanctorum
3015 1504 3388 1575 episc0pornm
3423 1514 3443 1540 ε
3466 1504 3657 1568 Νειιιοὲ

2071 1577 2231 1638 siani,
2254 1575 2462 1638 Felicis.
2483 1575 2642 1629 an'i.
2669 1577 2792 1629 Item
2820 1577 3027 1638 Felicis,
3058 1578 3231 1642 Littei,
3257 1579 3471 1642 Poliani,
3501 1580 3658 1637 Jade-

2071 1647 2143 1715 ris
2163 1657 2214 1698 et
2237 1647 2421 1699 Dativi.
2445 1647 2524 1709 8.,
2552 1647 2604 1700 In
2633 1649 2802 1700 Africa
2829 1648 3002 1700 natale
3024 1649 3120 1702 SS.
3144 1648 3449 1712 Doletatuli,
3471 1651 3650 1715 Tusci,

2076 1714 2365 1786 Valentini.
2395 1717 2479 1780 L.,
2507 1718 2571 1770 Et
2597 1718 2656 1770 S.
2686 1717 2710 1756 ά
2739 1717 3037 1771 'l‘lieodardi
3061 1720 3360 1786 episc0piet
3382 1714 3652 1786 lliHl‘lVl’lS.

2073 1785 2128 1838 In
2183 1786 2483 1840 Santanaco
2541 1787 2600 1842 S.
2654 1791 2680 1821 ε
2722 1788 3000 1854 Dagoberti
3049 1784 3320 1858 martyris.
3357 1791 3439 1852 8.,
3499 1784 3654 1846 Manu

2073 1857 2270 1930 recenti
2316 1859 2648 1930 ascriptum:
2702 1859 3006 1914 Translatio
3049 1857 3288 1930 corpdris
3334 1861 3392 1916 ὃ.
3427 1860 3446 1901 τ
3485 1865 3654 1920 Bene-

2075 1926 2200 1980 dicti
2230 1928 2488 1982 eremitm.

1823 2058 1986 2114 MlTH
2025 2057 2253 2112 ΝΟΤᾸΞ.

1823 2060 1986 2114 MlTH
2025 2060 2253 2112 ΝΟΤᾹΞ.

379 2154 585 2210 Friullo
615 2162 668 2207 et
717 2160 887 2206 matre
929 2149 1181 2205 Domitta.
1213 2149 1290 2204 Ad
1321 2150 1656 2205 Luxoviense
1687 2060 1956 2206 morsiaste-
1987 2153 2034 2213 Β
2063 2148 2284 2221 dedere.
2317 2147 2590 2221 Canonem
2623 2146 2771 2201 illum
2804 2147 3024 2221 Victorii
3068 2150 3367 2218 paschalcm
3417 2157 3657 2221 promul-

378 2231 513 2280 rium
545 2240 572 2275 a
633 2234 782 2292 patre
839 2222 1143 2286 perduellis,
1192 2222 1492 2283 religiosam
1541 2221 1694 2274 duxit
1746 2226 1954 2276 vitam:

382 2291 647 2361 posthaec
689 2293 866 2348 multis
919 2291 1395 2346 intervenientibus
1438 2292 1592 2344 annis
1638 2307 1666 2344 a
1709 2293 1953 2361 principe

383 2367 687 2435 Dagohcrlo
720 2373 790 2435 iet
840 2363 910 2435 ab
934 2363 1108 2435 omni
1138 2361 1706 2435 Francorttm__populo
1736 2375 1957 2435 vocatus

375 2432 518 2490 circa
551 2451 639 2488 an.
671 2434 796 2500 (in,
832 2432 890 2488 S.
920 2433 1147 2486 Achario
1173 2433 1426 2498 episcoiio
1457 2432 1811 2488 Noviomense
1841 2434 1958 2499 opi-

382 2509 605 2568 tulante,
647 2503 1038 2557 Tarvennensis
1065 2500 1344 2571 episcopus
1373 2502 1648 2555 ordinatus
1674 2511 1778 2568 est,
1815 2504 1956 2556 mul-

384 2587 569 2642 tosque
596 2574 1080 2636 Tarvennensium,
1113 2573 1201 2640 qui
1233 2574 1298 2623 ad
1332 2572 1590 2642 idolorum
1638 2573 1839 2626 cultum
1872 2587 1958 2627 re-

380 2641 512 2708 lapsi
569 2653 780 2707 essent,
848 2645 912 2694 ad
964 2642 1120 2695 iidem
1188 2643 1418 2694 reduxit.
1474 2641 1758 2707 Adjutores
1825 2653 1954 2709 tres,

382 2714 780 2770 Mnmmolinum
809 2751 823 2775 ,
861 2713 1264 2766 Ebertramnum
1314 2711 1689 2779 Bertinutnque
1719 2713 1784 2764 de
1817 2713 1957 2766 Cou-

378 2783 660 2839 stantieusi
693 2782 908 2851 regione
938 2784 1158 2848 recepit,
1190 2779 1278 2849 qui
1311 2796 1375 2834 eo
1401 2781 1612 2835 l'avente
1641 2780 1955 2837 Sithivense

385 2855 766 2908 monasterium
814 2862 1243 2906 construxerum.
1295 2851 1427 2904 Cum
1479 2860 1656 2905 autem
1681 2851 1738 2905 S.
1777 2853 1956 2906 Audo-

384 2940 563 2980 marns
589 2923 658 2977 50
685 2938 945 2976 annorum
989 2923 1163 2985 Spalio
1195 2923 1626 2974 'I'arvennensem
1661 2922 1955 2977 Ecclesiam

384 2996 630 3059 rexissid,
665 3009 803 3047 anno
835 2993 974 3047 circa
1005 2991 1106 3045 677
1137 2992 1266 3044 obiit
1292 3001 1344 3043 et
1365 3008 1391 3043 a
1417 2991 1473 3046 S.
1510 2993 1726 3047 Hertino
1766 2993 1957 3046 abbate

377 3066 432 3119 in
483 3066 786 3119 Sithivense
833 3065 1158 3116 monasterio
1196 3063 1436 3128 sepultus
1475 3073 1591 3127 est;
1643 3063 1730 3115 ubi
1781 3063 1956 3117 adhuc

377 3151 572 3202 corpus
628 3132 742 3200 ejus
785 3134 1010 3187 habetur
1035 3141 1228 3198 praeter
1251 3141 1410 3198 caput
1439 3141 1494 3186 et
1532 3147 1653 3186 ossa
1685 3135 1950 3198 quamam,

380 3222 497 3273 qua:
549 3205 600 3257 in
655 3205 713 3257 Β.
769 3204 946 3256 Maria:
992 3203 1217 3273 ecclesia
1261 3203 1789 3269 Audomaripolitaua
1841 3218 1956 3273 ser-

381 3271 596 3328 vantur.
627 3273 961 3342 Audomarus
994 3271 1440 3342 Wandregisilum
1481 3273 1803 3333 sacerdotio,
1843 3271 1951 3324 Au-

377 3345 699 3400 strebertam
763 3351 818 3396 et
873 3341 1270 3396 Waldetrudem
1327 3342 1446 3394 velo
1499 3356 1843 3396 consecrasse
1901 3345 1951 3396 in

379 3416 608 3483 propriis
653 3415 876 3483 istorum
928 3422 1227 3483 sanctorum
1259 3413 1402 3483 Actis
1442 3413 1654 3465 dicitur.
1704 3412 1832 3483 Ejus
1864 3413 1954 3467 Vi-

376 3482 491 3564 tam
527 3484 820 3564 ediderunt
858 3482 1046 3536 Surius
1087 3491 1216 3537 tom.
1256 3482 1292 3536 V
1344 3491 1396 3536 et
1443 3483 1712 3537 Mabillon.
1769 3482 1825 3538 in
1853 3499 1953 3538 διε-
1981 3497 2029 3564 C

374 3558 496 3610 colo
529 3571 587 3618 ll,
629 3556 747 3608 Aet.
785 3553 912 3608 Ben.

447 3635 472 3662 α
500 3623 714 3678 Hilarii.
749 3623 840 3678 Vel
887 3622 1077 3678 Hilari.
1115 3622 1210 3676 llic
1240 3621 1404 3675 Leoni
1451 3637 1644 3691 magno
1694 3624 1954 3678 successit

373 3710 514 3749 anno
555 3696 680 3758 461,
727 3704 782 3749 ει
823 3695 1098 3747 ordinatus
1145 3703 1226 3759 est
1272 3693 1356 3747 die
1408 3692 1474 3746 12
1527 3695 1786 3748 Novemb.
1813 3694 1955 3749 Ubiit

377 3778 550 3821 autem
607 3781 747 3819 anno
794 3765 922 3820 408.
974 3764 1260 3817 Baronium
1313 3763 1491 3830 igitur,
1529 3763 1950 3832 l’apebrochium

380 3837 621 3902 aliosque
670 3835 928 3902 hactenus
956 3833 1165 3901 decepit
1198 3833 1537 3886 Marcellinus
1565 3835 1617 3887 itt
1659 3832 1948 3900 Chronico,

375 3907 464 3969 qui
520 3901 619 3958 sub
667 3905 790 3958 anni
841 3901 940 3958 467
974 3904 1281 3958 consulibus
1308 3904 1565 3965 Simplicii
1621 3908 1953 3960 successoris

379 3975 548 4028 Hilari
605 3974 807 4026 initium
849 3975 1113 4027 recitavit.
1166 3973 1295 4026 Nam
1325 3975 1383 4028 S.
1415 3973 1580 4027 llilaii
1609 3975 1786 4026 obitus
1813 3989 1952 4030 anno

385 4045 628 4113 sequenti
652 4043 895 4112 contigit,
939 4045 1086 4110 iSque
1109 4058 1213 4097 non
1243 4059 1414 4097 annos
1444 4045 1476 4097 5
1502 4053 1556 4097 et
1579 4044 1779 4112 aliquot
1805 4061 1952 4098 men-

376 4129 489 4178 ses,
537 4123 592 4168 ut
639 4128 825 4168 omnes
882 4116 1206 4168 recentiores
1261 4114 1309 4167 ei
1357 4115 1667 4179 attribuere,
1727 4114 1818 4167 sed
1856 4130 1952 4168 an-

376 4200 473 4238 nos
500 4183 556 4250 6,
589 4198 797 4237 menses
827 4185 880 4252 5,
926 4185 1041 4238 dies
1071 4185 1156 4251 10,
1204 4183 1494 4238 Ecclesiam
1537 4186 1829 4238 Homanam
1859 4187 1952 4240 ad-

379 4256 717 4320 ministravit,
767 4263 823 4308 ut
867 4256 1038 4326 liquet
1081 4263 1188 4308 tant
1235 4269 1300 4326 ex
1337 4254 1638 4326 Anastasio,
1673 4256 1947 4326 orderico,

379 4326 472 4380 lib.
505 4341 564 4391 tt,
601 4324 947 4391 Luitprando,
981 4325 1201 4379 Abbone
1233 4324 1586 4388 Floriaccnsi,
1631 4333 1685 4378 et
1714 4324 1949 4380 Honorio

376 4395 864 4463 Augostodunensi,
917 4409 1075 4462 quam
1123 4410 1190 4448 ex
1234 4394 1484 4462 Catalogo
1519 4394 1950 4448 Vaticano-Pala-

381 4465 510 4530 tino,
543 4481 637 4520 sex
669 4465 786 4517 aliis
826 4463 1112 4533 Catalogis,
1147 4464 1444 4531 Reginone,
1478 4465 1777 4518 llermannu
1805 4468 1948 4519 (ἐου-

375 4546 544 4589 tracto
571 4535 812 4603 aliisque.
845 4533 1110 4588 Marianos
1155 4544 1314 4588 et.am
1363 4533 1554 4588 Scotus
1595 4537 1644 4587 in
1683 4533 1948 4590 Chronico

373 4614 524 4660 recte
554 4606 694 4659 diem
723 4603 839 4674 ejus
867 4606 1220 4658 emortualem
1254 4604 1478 4658 notavit.
1530 4605 1727 4659 Scribit
1755 4607 1897 4658 enim
1931 4622 1944 4659 :

380 4693 398 4726 ι
431 4675 657 4730 Hilarius
703 4691 834 4743 papa
863 4677 995 4729 obiit
1040 4692 1091 4729 ιι
1116 4675 1232 4730 Kal.
1267 4677 1457 4739 Martii,
1493 4692 1510 4727 ι
1550 4676 1600 4728 id
1641 4686 1723 4729 est
1745 4677 1828 4730 die
1858 4692 1947 4731 xxt

375 4747 576 4800 mensis
603 4745 906 4809 Februarii,
929 4745 994 4800 ad
1020 4762 1178 4817 quem
1207 4745 1347 4800 diem
1381 4745 1666 4800 Bollandus
1680 4746 1792 4817 _ait,
1823 4763 1943 4817 eum

377 4817 669 4887 ascriptum
698 4829 820 4870 esse
850 4814 1088 4887 Florario
1113 4816 1212 4872 SS.
1237 4826 1292 4870 et
1321 4817 1632 4887 Maurolyci,
1666 4814 1940 4881 Galesinii,

2067 2217 2533 2289 gavitﬂBochei-ius
2551 2219 2614 2289 _in
2645 2232 2806 2285 opere
2829 2220 2904 2289 de
2926 2217 3086 2273 Doct.
3113 2221 3304 2289 Temp.

2137 2294 2164 2354 ,ε
2195 2287 2517 2342 Nemesiam‘.
2549 2286 2606 2340 In
2635 2303 2794 2341 causa
2826 2288 3071 2356 baptismi
3118 2286 3495 2348 haereticorum
3525 2311 3646 2352 cum

2061 2358 2328 2435 Cypriano
2377 2358 2433 2435 in
2475 2358 2703 2412 concilio
2763 2368 2962 2435 stetere
3025 2374 3220 2435 omnes
3270 2359 3325 2435 hi
3376 2366 3645 2435 episcopi:

2063 2429 2301 2506 omnium
2350 2430 2493 2482 enim
2525 2443 2710 2506 eorum
2761 2431 2976 2506 nomina
3023 2429 3075 2483 in
3124 2432 3333 2506 synodo
3358 2429 3650 2506 Cartha'gi-

2061 2501 2239 2553 triensi
2294 2508 2624 2562 comparent.
2670 2498 3018 2553 Nemesianus
3062 2515 3091 2552 a
3123 2498 3400 2556 Tltubunis
3451 2498 3650 2561 dicitvur

2059 2571 2276 2638 sullrag.
2306 2567 2360 2634 5,
2392 2568 2539 2638 Felix
2570 2583 2598 2621 a
2635 2569 2789 2636 Bagai
2825 2569 3047 2623 habetur
3071 2571 3192 2624 suli‘.
3232 2571 3314 2633 19.,
3345 2573 3415 2627 ab
3450 2578 3644 2634 Amac-

2059 2655 2190 2716 cura
2215 2637 2336 2692 soli.
2372 2637 2460 2690 55.
2521 2640 2621 2692 Alii
2651 2640 2863 2716 quidem
2898 2639 2967 2716 ibi
3001 2651 3124 2716 sunt
3156 2641 3382 2707 Felices,
3417 2647 3509 2698 sed
3554 2650 3647 2716 qui

2058 2711 2123 2763 ad
2160 2710 2485 2779 Byzacenam
2540 2710 2898 2774 pertinebant.
2926 2710 3117 2765 Lucius
3162 2724 3488 2768 memoratur
3514 2710 3643 2772 sum

2057 2784 2112 2844 8,
2147 2777 2244 2832 nec
2293 2795 2396 2832 non
2449 2777 2538 2845 51,
2582 2779 2793 2846 utrique
2817 2779 3078 2847 Numidm,
3107 2782 3198 2834 alii
3232 2783 3378 2837 istius
3402 2789 3652 2843 nominis

2057 2850 2122 2924 ad
2147 2849 2524 2924 “Lengitanatn
2579 2849 2864 2924 pertinet“.
2895 2849 3367 2924 Litteusoccurrit
3393 2854 3518 2910 stili.
3549 2855 3646 2924 εἰ,

2068 2917 2346 2973 Ριιιὶιιιιιιιιι
2406 2919 2663 2972 habemus
2707 2918 2830 2971 sull'.
2888 2920 2987 2984 15,
3044 2922 3196 2988 quia
3228 2921 3382 2976 Milco
3426 2917 3646 2981 dicitur:

2058 2989 2190 3045 Sull.
2247 2989 2316 3060 78
2353 2988 2620 3042 Victorem
2677 2990 2745 3060 ab
2795 2990 2996 3046 Octavo
3045 2991 3335 3046 Numidum
3387 2996 3645 3060 exhibet;

2055 3060 2192 3114 alter
2220 3076 2248 3112 a
2276 3059 2383 3114 Gor
2442 3075 2544 3129 non
2600 3058 2808 3112 videtur
2855 3061 3011 3129 hujus
3063 3063 3186 3116 loci.
3222 3063 3381 3118 Jader
3407 3078 3436 3117 a
3469 3058 3645 3121 Midila

2056 3135 2292 3184 occurrit
2313 3129 2434 3183 δυσ.
2471 3128 2562 3186 45.
2595 3130 2810 3182 Uativus
2833 3128 3047 3185 demum
3077 3147 3106 3184 a
3133 3133 3291 3188 Badis
3313 3147 3645 3191 memoratur

2055 3200 2178 3254 sull‘.
2215 3200 2299 3254 15.
2347 3199 2420 3253 De
2451 3199 2768 3271 Neniesiano
2795 3202 2910 3253 solo
2938 3202 3168 3255 dubitari
3202 3206 3394 3271 poterit
3425 3222 3491 3260 an
3534 3209 3645 3262 Nu-

2057 3271 2398 3340 midaluerit,
2439 3283 2505 3322 an
2532 3270 2772 3333 Maurus;
2803 3272 2902 3324 nisi
2934 3273 3074 3340 quod
3104 3270 3349 3327 Tubunia
3391 3289 3644 3331 occurrat

2057 3341 2110 3393 in
2167 3339 2550 3410 Numidia_non
2605 3341 2776 3410 minus
2806 3356 2964 3408 quam
2997 3343 3047 3395 lll
3101 3342 3449 3410 Mauritania;
3492 3359 3550 3400 ut
3575 3365 3646 3403 ex

2056 3410 2346 3483 collatione
2399 3408 2826 3483 Carthaginiensi
2869 3421 3112 3483 apparet.
3157 3412 3229 3467 De
3275 3414 3356 3467 his
3403 3408 3524 3472 vide
3553 3419 3643 3483 76,

2058 3479 2150 3553 77,
2184 3480 2274 3553 7_9,
2305 3496 2427 3548 epp.
2462 3479 2542 3553 S.‘
2573 3479 2843 3553 Cypriani.
2879 3480 2943 3535 Hi
2979 3485 3205 3548 primum
3245 3485 3467 3540 fustibus
3495 3479 3643 3553 caesi,

2059 3550 2253 3604 deinde
2276 3553 2340 3603 ad
2366 3549 2578 3604 metalla
2609 3551 2849 3620 damnati
2876 3561 3021 3620 sunt,
3059 3553 3344 3611 Valeriano
3369 3570 3402 3609 ιι
3436 3566 3492 3610 et
3514 3549 3641 3615 Gal;

2059 3620 2200 3675 lieno
2229 3636 2286 3673 ιιι
2318 3635 2460 3674 coss.
2494 3634 2635 3672 anno
2657 3619 2784 3674 257.

2129 3689 2155 3727 ά
2196 3690 2520 3753 Theodardi,
2563 3691 2798 3758 episcOpi
2851 3689 3210 3761 Trajectensis
3255 3696 3496 3752 vicesimi
3541 3713 3642 3755 oc-

2059 3761 2184 3834 tavi,
2227 3763 2282 3816 S.
2317 3761 2570 3834 Heina_cli_
2599 3761 2842 3834 discipuli
2875 3771 2930 3817 et
2976 3765 3026 3816 in
3061 3765 3191 3820 sede
3219 3765 3338 3834 ejus
3369 3783 3647 3824 successo-

2056 3832 2151 3895 ris,
2175 3834 2274 3903 qui
2304 3847 2426 3885 cum
2456 3831 2820 3884 Childerieunt
2870 3847 3051 3902 regem
3094 3835 3160 3888 ad
3192 3831 3511 3903 repetendas
3542 3842 3643 3895 Ec—

2056 3902 2233 3954 clesiae
2265 3917 2372 3955 suze
2405 3917 2511 3964 res,
2546 3915 2677 3973 quas
2709 3903 2950 3973 nonnulli
2983 3902 3311 3973 invaserant,
3346 3908 3540 3972 adiret,
3571 3913 3642 3965 ab

2058 3973 2163 4048 illis
2179 3982 2394 4025 necatus
2411 3984 2488 4025 εει
2505 3973 2553 4023 in
2579 3971 2800 4048 Alsatia,
2823 3988 3017 4042 nempe
3032 3976 3082 4027 in
3106 3977 3241 4029 saltu
3263 3971 3460 4030 Bctvalt
3481 3995 3644 4048 prope

2058 4043 2359 4108 Nemetum,
2393 4056 2618 4108 corpore
2653 4043 2704 4094 iit
2741 4042 2906 4096 frusta
2957 4049 3305 4099 comminuto.
3343 4042 3503 4102 lstbic
3531 4042 3640 4104 duo

2055 4111 2341 4166 luminaria
2386 4111 2641 4165 divinitus
2674 4113 2977 4179 emicuisse,
3026 4128 3080 4167 et
3118 4117 3328 4170 mulieri
3359 4133 3517 4173 caecae
3555 4122 3639 4174 lu-

2060 4197 2182 4236 men
2215 4183 2379 4234 fuisse
2415 4181 2717 4234 restituunt
2754 4183 2965 4249 legitur.
3004 4184 3128 4240 Haac
3160 4188 3274 4239 sola
3301 4198 3486 4242 uolatu
3517 4201 3645 4245 sunt

2053 4251 2209 4320 digna
2238 4254 2286 4304 in
2328 4251 2445 4320 ejus
2480 4252 2621 4304 Actis
2648 4254 2785 4320 apud
2813 4254 3029 4309 Snrium
3056 4257 3122 4308 ad
3151 4271 3178 4308 ιι
3213 4257 3515 4322 Septenib.,
3551 4260 3640 4315 ubi

2053 4325 2266 4375 additur
2315 4323 2554 4376 membra
2603 4322 2716 4390 ejus
2771 4338 2866 4390 per
2912 4324 2972 4378 S.
3017 4322 3371 4380 Lambertom
3414 4331 3465 4381 iit
3495 4330 3642 4384 Tun-

2051 4407 2277 4490 gror‘upi’
2316 4393 2588 4447 civitatem
2640 4393 2805 4447 relata
2869 4395 3055 4450 luisse.
3106 4397 3303 4452 Passus
3358 4409 3443 4455 est
3496 4415 3637 4456 circa

2053 4479 2136 4515 an.
2175 4464 2298 4516 655.

2128 4541 2151 4570 ο
2184 4532 2482 4604 Dagoberti.
2524 4532 2620 4587 Hic
2661 4532 2761 4587 luit
2789 4534 2925 4588 [ilius
2947 4535 3199 4603 Sigiberti
3235 4538 3522 4594 Austrasia:
3555 4556 3642 4597 re-

2053 4602 2310 4675 gis;qu'o
2340 4603 2620 4675 defuncto,
2653 4606 2918 4670 relegatus
2956 4602 3039 4659 est
3072 4607 3404 4675 Dagobertus
3445 4612 3498 4664 in
3547 4614 3644 4665 ιιι-

2053 4674 2288 4727 berniam
2330 4687 2471 4726 anno
2497 4674 2713 4729 circiter
2753 4676 2878 4728 660.
2904 4676 3060 4730 Anno
3087 4674 3262 4732 autem
3291 4679 3507 4735 circiaer
3529 4684 3640 4737 (SN

2052 4743 2102 4796 in
2160 4746 2362 4814 paterni
2415 4743 2562 4812 regni
2611 4754 2813 4811 partem
2860 4757 3104 4814 receptus
3147 4759 3247 4813 est,
3277 4764 3340 4802 ac
3363 4760 3474 4804 tum
3505 4749 3640 4806 Wil-

2054 4814 2218 4868 lridus
2252 4813 2602 4890 Eboracensis
2629 4813 3083 4890 archiepiscopus
3119 4819 3452 4890 eianxilinm
3476 4838 3644 4890 equo-

373 4878 574 4942 Canisii
609 4885 1015 4956 Martyrologiis,
1047 4887 1313 4954 variisque
1341 4878 1699 4952 Kalendariis,
1726 4899 1777 4942 et
1800 4878 1943 4942 Gre-4
1974 4878 2023 4938 D
2052 4900 2166 4937 rum
2197 4892 2252 4937 et
2275 4883 2506 4938 virorum
2539 4885 2707 4939 dedit.
2739 4878 2896 4942 Anno
2935 4878 3112 4941 autem
3139 4888 3244 4944 679
3276 4891 3358 4942 vel
3388 4893 3494 4947 680
3524 4878 3641 4946 bel-

375 4957 494 5010 νειιί
540 4957 606 5010 ad
664 4956 958 5010 Usuardum
1015 4959 1290 5012 Auctario.
1339 4956 1455 5010 Non
1504 4957 1681 5025 itaque
1713 4958 1941 5013 Hilarius

373 5026 474 5081 hoc
531 5028 617 5081 die
644 5025 914 5094 depositus
945 5035 1046 5090 est,
1075 5026 1168 5083 sed
1195 5027 1368 5095 potius
1397 5041 1591 5094 corpus
1629 5025 1744 5096 ejus
1770 5039 1942 5083 trans-

371 5096 534 5167 latum
591 5108 705 5159 est;
739 5112 857 5150 cum
887 5097 1011 5151 anni
1042 5097 1098 5163 6,
1128 5111 1340 5167 menses
1385 5097 1436 5162 ὅ,
1469 5106 1523 5151 ει
1546 5096 1661 5150 dies
1704 5098 1786 5157 10.
1820 5100 1942 5167 qni-

371 5167 472 5220 bus
493 5165 748 5220 Romanae
777 5167 1025 5222 Ecclesiae
1055 5166 1284 5236 praefuit,
1315 5169 1403 5222 die
1426 5184 1510 5222 xxi
1547 5171 1745 5222 mensis
1776 5165 1934 5223 Febr.

369 5239 496 5292 anni
523 5236 628 5292 468
664 5237 1033 5293 absolvantur.
1063 5240 1187 5294 [’Act
1219 5239 1270 5293 in
1313 5253 1406 5292 sua
1440 5238 1630 5291 Critica
1661 5237 1941 5293 historico-

369 5306 744 5377 chronologica
781 5309 831 5362 ιιι
861 5307 1073 5364 Baronii
1104 5309 1338 5364 Annales
1369 5323 1508 5361 anno
1538 5305 1665 5361 467.
1895 5319 1967 5372 ,ῑυ

442 5379 466 5416 δ
508 5378 817 5434 Victorinus.
870 5378 963 5432 Vel
999 5379 1280 5434 Victorius.
1308 5379 1463 5432 Baeda
1516 5380 1568 5432 in
1607 5379 1807 5434 Chron.
1841 5381 1942 5433 sub

367 5448 547 5504 Leone
599 5451 919 5518 imperatore
963 5451 1042 5504 sic
1089 5451 1316 5504 scribit:
1348 5467 1365 5500 ι
1400 5447 1666 5504 Victorius
1713 5449 1939 5518 jubente

372 5533 506 5587 papa
565 5519 767 5573 Hilario
813 5521 1025 5589 scripsit
1074 5521 1374 5585 paschalem
1405 5520 1662 5574 circulum
1715 5522 1818 5574 552
1844 5537 1939 5574 an-

370 5604 581 5641 norum.
627 5589 729 5642 Sed
789 5591 965 5644 verios
1005 5591 1108 5646 dici
1154 5600 1346 5660 potest,
1381 5589 1670 5644 Victorium
1719 5591 1939 5660 liyclnm

371 5669 522 5728 suum
554 5661 934 5728 composuisse
987 5675 1128 5714 anno
1186 5659 1325 5724 457,
1353 5674 1458 5728 quo
1509 5661 1718 5714 Hilarus
1765 5659 1939 5715 adhuc

373 5725 522 5804 urbis
553 5725 734 5804 Roma:
761 5729 1183 5804 archidiaconus
1203 5741 1338 5793 erat,
1371 5725 1430 5804 ut
1460 5731 1624 5797 liquet
1652 5746 1716 5784 ex
1754 5732 1942 5804 praefa-

375 5796 538 5869 tione,
583 5796 758 5869 inqua
798 5796 1057 5869 Victorius
1086 5801 1213 5852 dicit
1241 5796 1643 5869 consulestunc
1673 5796 1943 5857 exstitisse

372 5861 780 5917 Constantinum
822 5875 875 5919 et
906 5867 1123 5933 nulum,
1151 5869 1240 5935 qui
1271 5884 1410 5924 anno
1433 5865 1534 5930 45,7
1567 5871 1718 5927 lactis
1743 5887 1938 5928 nomen

2049 4956 2157 5025 lum
2215 4957 2408 5008 accidit
2462 4957 2514 5010 in
2570 4956 2894 5025 Lingonibus
2943 4958 3080 5012 inter
3130 4959 3524 5014 Theodericum
3586 4974 3646 5017 et

2049 5024 2407 5094 Dagobeitum
2455 5041 2636 5094 reges;
2679 5024 2767 5079 ubi
2821 5028 3149 5097 Dagobertus
3197 5045 3318 5085 cum
3357 5030 3643 5087 \‘ulloaldo

2049 5097 2338 5165 subregulo
2395 5099 2703 5165 prolligatus
2744 5106 2844 5151 est.
2879 5098 2954 5152 De
2975 5098 3090 5166 ejus
3137 5100 3185 5151 in
3229 5101 3428 5154 Gallias
3463 5107 3643 5156 reditu

2049 5165 2166 5238 lfuse
2215 5167 2438 5238 disserit
2494 5167 2832 5238 Mabillonius
2888 5169 2938 5222 in
3001 5165 3313 5238 prazfatione
3352 5175 3535 5225 sreculi
3592 5188 3650 5225 tv

2049 5237 2169 5310 Act.
2211 5237 2318 5290 Ben
2349 5276 2366 5303 ,
2417 5250 2562 5305 parte
2604 5252 2644 5300 t,
2695 5237 2805 5309 δυ,
2852 5237 3024 5310 ιιιιιιιί
3053 5238 3153 5293 198
3184 5251 3236 5295 ει
3265 5255 3416 5310 seqq.
3463 5242 3512 5295 ls
3557 5254 3650 5296 est

2051 5306 2190 5377 idem
2224 5322 2316 5360 rex
2363 5317 2417 5362 et
2440 5321 2642 5377 martyr
2666 5306 2755 5377 qui
2786 5311 2976 5365 colitur
3005 5308 3276 5364 Satanaci.
3310 5306 3651 5369 Meinoratur

2051 5377 2102 5449 ιιι
2133 5375 2453 5449 Kalendario
2488 5375 2694 5432 Enim-ai
2715 5381 2933 5447 reginae,
2963 5380 3106 5449 quod
3143 5382 3322 5436 liemis
3359 5387 3410 5436 in
3436 5386 3645 5438 biblio-

2052 5447 2204 5502 theca
2255 5448 2562 5519 Remigiana
2591 5458 2858 5525 servatur,
2889 5447 3037 5525 die‘x
3074 5449 3194 5505 Kal.
3237 5451 3498 5520 Januarii,
3530 5470 3657 5525 quo

2049 5521 2751 5593 euin__i_nartyriumtulisse
2787 5523 3114 5593 _dicit_vetus
3151 5532 3358 5586 auctor,
3388 5521 3656 5593 idque'ul.

2049 5588 2389 5664 Mabilloniu’s
2433 5592 2645 5664 probat,
2679 5605 2746 5643 an
2777 5589 2901 5664 679.
2933 5591 2988 5646 Si
3018 5604 3147 5664 vero
3181 5588 3510 5664 Dagobertus
3547 5612 3657 5650 oc-

2049 5658 2200 5782 cislu:
2239 5671 2322 5713 est
2369 5676 2402 5713 x
2433 5659 2552 5717 Kal.
2581 5659 2843 5730 Januarii,
2877 5661 3154 5718 translatio
3201 5658 3449 5734 quidam
3479 5667 3658 5724 hodie

2050 5743 2113 5782 ce
2135 5745 2164 5782 e
2206 5741 2369 5782 ratur.

2050 5741 2369 5784 celebratur.

2127 5797 2146 5836 ί
2203 5798 2490 5872 Benedicti.
2549 5802 2606 5857 lu
2654 5803 2926 5859 territorio
2955 5802 3301 5872 Bergomensi
3352 5805 3548 5860 colitur
3578 5806 3662 5862 Β.

2059 5871 2374 5927 Benedictus
2399 5875 2617 5929 ercmita
2644 5875 2855 5944 quidam
2887 5875 3003 5932 0rd.
3043 5871 3206 5934 Vallis
3241 5875 3522 5934 Umbrosa:
3553 5878 3674 5938 die
