4054 6190
433 270 564 326 1041

1545 269 1734 325 SEGT.
1780 267 1848 324 ll.
1884 289 1956 305 -
1995 266 2560 322 MAll'l'YllOLOGlA.

3569 263 3703 317 l0’t'2

1657 379 1882 433 EDlTlO
1921 378 2388 434 COLONIENSIS.

501 474 560 527 Β.
586 471 650 527 Ill
673 470 790 525 lous
820 467 1087 525 Serrane.
1127 499 1196 509 —
1234 467 1418 522 Romae
1466 469 1640 523 natale
1685 479 2016 535 sanctorum,
2049 473 2096 530 Α
2127 467 2333 532 lventii,
2363 469 2452 538 qui
2480 483 2508 524 a
2539 468 2696 524 beato
2725 467 3046 538 Hermagore
3068 468 3397 537 Aquileiensi
3429 469 3702 538 episcopo,

429 561 611 619 Prothi
633 570 684 615 et
713 557 958 623 Jacincti,
991 557 1078 628 qui
1107 567 1260 612 erant
1299 557 1526 612 eunuchi
1557 557 1731 611 beatae
1767 556 2015 626 Eugeniae

428 652 674 723 virginis.
700 650 938 718 Cumque
959 651 1024 702 ab
1049 649 1250 704 Heleno
1270 648 1520 716 episcopo
1544 647 1793 716 baptizati
1818 657 2019 715 essent,

431 747 702 814 aliquanto
733 754 969 812 tempore
994 742 1184 797 divinis
1212 743 1385 797 solum
1407 741 1798 796 eruditionibus
1823 755 2020 795 vacan-

432 849 531 901 tes,
568 839 618 892 itt
645 851 921 893 servorum
951 835 1052 916 Dei.
1071 834 1396 889 monasterio
1423 834 1553 886 mira
1577 832 1874 887 humilitate
1897 848 2021 888 ver-

434 934 532 989 sati
566 943 709 998 sunt,
739 942 793 986 et
823 931 922 984 hoc
967 929 1103 998 apttd
1160 927 1470 998 Egyptttm,
1525 927 1648 980 inde
1695 941 1816 978 cum
1867 925 2020 979 beata

437 1027 642 1094 virgine
693 1026 914 1080 Romam
966 1023 1190 1089 reversi,
1241 1023 1338 1076 sub
1386 1020 1629 1075 Gallieno
1677 1019 2023 1085 imperatore,

437 1116 577 1184 quod
608 1125 790 1169 essent
821 1113 1104 1168 Christiani
1136 1109 1476 1180 deprehensi,
1508 1117 1771 1178 coguntur
1818 1107 2024 1162 sacriﬁ-

437 1223 582 1274 care,
613 1208 707 1262 sed
761 1222 864 1260 non
895 1205 1310 1269 consentientes,
1341 1202 1626 1257 durissime
1667 1200 2020 1256 verberaban-

440 1308 543 1354 tur.
571 1298 805 1368 Cumque
837 1299 942 1351 Deo
974 1295 1128 1351 ﬁdem
1160 1303 1438 1350 servantes
1469 1293 1796 1364 gauderent,
1831 1293 2029 1362 pariter

439 1391 798 1445 decollantnr.
826 1390 890 1444 Et
911 1399 1216 1443 sanctorum
1246 1386 1436 1440 Felicis
1457 1396 1512 1440 et
1539 1385 1774 1455 Regulae.

511 1480 573 1535 C.
607 1478 756 1535 Ριιιι).
789 1481 906 1535 Inus
931 1480 1200 1533 SEPTEIB.
1225 1507 1296 1522 -ν-
1332 1476 1479 1547 Apud
1527 1477 1714 1530 urbem
1762 1475 2025 1541 Ticinum,

443 1585 561 1638 qua:
583 1581 636 1625 et
665 1570 822 1640 Papia
861 1570 1073 1638 dicitur,
1100 1577 1404 1624 sanctorum
1445 1566 1810 1623 confessorem
1840 1567 1942 1622 Siri
1975 1577 2030 1622 et

2130 558 2392 628 discipulo
2421 559 2591 614 sancti
2631 559 2788 612 Marci
2825 557 3186 628 evangelistaa,
3218 559 3282 612 ad
3309 561 3583 628 prastatam
3617 577 3706 614 ur-

2128 650 2249 706 bem
2276 649 2485 714 directi,
2511 649 2679 718 primo
2705 648 2811 704 illic
2836 648 3032 703 Christi
3059 650 3400 719 Evangelium
3427 650 3714 717 praedican-

2129 750 2230 808 tes,
2257 750 2314 797 et
2341 742 2543 810 magnis
2593 740 2874 796 virtutibus
2918 755 2982 796 ac
3029 742 3297 798 miraculis
3340 753 3708 807 coruscantes,

2129 835 2290 890 etiam
2312 835 2512 890 vicinas
2536 834 2694 890 urbes
2718 833 3076 889 Veronensem
3106 835 3308 890 scilicet
3328 845 3380 890 et
3407 835 3706 898 Brixenam,

2128 935 2185 984 et
2216 928 2572 994 Laudensem,
2601 927 2795 982 divinis
2822 928 3071 996 operibus
3120 927 3483 993 illustrarunt;
3529 927 3712 994 sicque

2127 1019 2182 1074 in
2216 1018 2506 1088 pontiﬁcali
2536 1019 2756 1085 honore,
2791 1019 3005 1074 fundata
3033 1029 3088 1073 et
3122 1019 3433 1073 conﬁrmata
3467 1018 3569 1072 lide
3599 1033 3714 1072 cre-

2129 1112 2366 1165 dentium
2395 1111 2708 1180 populorum
2747 1109 2981 1178 glorioso
3008 1110 3112 1163 ﬁne
3132 1110 3445 1179 quieverunt
3473 1110 3526 1164 in
3560 1124 3707 1179 pace.

2132 1202 2186 1257 ln
2211 1202 2492 1258 Antiochia
2521 1201 2694 1256 natale
2724 1202 3010 1256 Timothei.
3059 1203 3284 1259 Calenus
3325 1205 3493 1259 sancti
3537 1205 3712 1274 Enpli.

2132 1293 2388 1364 Lugduno
2413 1295 2674 1364 depositio
2701 1293 3007 1350 Sacerdotis
3036 1295 3288 1365 episcopi.
3329 1297 3714 1367 Augustodunn

2134 1385 2274 1441 beati
2304 1387 2508 1440 Eventii
2536 1387 2790 1455 episcopi.

2205 1476 2267 1533 D.
2303 1477 2419 1530 Inus
2448 1476 2717 1531 Serrana.
2744 1505 2814 1516 —
2840 1474 2897 1530 ln
2939 1474 3260 1531 Alexandria
3305 1474 3446 1530 beati
3491 1474 3718 1544 Philippi

2133 1566 2367 1634 episcopi
2411 1575 2465 1620 et
2511 1566 2784 1637 martyris,
2824 1566 2914 1636 qui
2964 1564 3248 1635 prterectus
3303 1567 3530 1635 primum
3584 1567 3717 1630 fuit,

1658 1661 1886 1714 EDlTlO
1929 1659 2430 1714 BOLLANDIANA.

516 1752 602 1807 11.
623 1781 676 1792 -
696 1752 759 1807 lll
783 1751 922 1808 Inus.
957 1754 1140 1810 Romae
1165 1753 1261 1810 SS.
1291 1760 1316 1789 α
1347 1752 1491 1808 Proti
1521 1762 1574 1808 et
1600 1751 1906 1823 llyacinthi,
1932 1752 2024 1822 qui
2063 1757 2104 1815 Β
2133 1751 2302 1814 scopi.
2331 1751 2586 1820 Lugduno
2625 1751 2812 1808 Gallia:
2841 1750 3104 1823 depositio
3129 1748 3236 1823 S.l
3270 1751 3576 1807 Sacerdotis
3604 1755 3719 1821 epi—

443 1855 599 1901 erant
621 1846 852 1900 eunuchi
882 1845 942 1901 S.
967 1846 1242 1917 Eugeniae.

514 1957 681 2012 Addit
709 1957 898 2013 Florus
932 1959 983 2013 iit
1018 1958 1084 2014 A.
1109 1958 1174 2014 Τ.
1206 1959 1271 2014 L.
1300 1977 1312 2012 :
1345 1958 1454 2016 Sed
1494 1961 1706 2016 fervore
1753 1960 1872 2015 ﬁdei
1905 1958 2027 2012 lacti

445 2057 571 2104 sunt
611 2047 862 2103 doctores
905 2047 1223 2104 Christiana:
1271 2051 1401 2121 legis
1451 2052 1593 2106 unde
1639 2062 1694 2106 et
1746 2050 2026 2120 capitalem

444 2149 798 2210 susceperunt
833 2141 1178 2196 sententiam.

499 2234 579 2289 Α.
632 2231 697 2287 Τ.
747 2231 808 2286 1..
856 2233 951 2303 ΑΒ.,
1008 2233 1263 2303 Lugduno
1291 2233 1556 2301 depositio
1599 2233 1655 2288 S.
1689 2231 1717 2271 ιι
1767 2231 2027 2303 Patientis

446 2303 704 2372 episcopi.
740 2303 824 2367 B.,
855 2301 908 2355 ln
942 2300 1266 2359 Alexandria
1295 2304 1468 2358 natale
1493 2304 1591 2359 SS.
1627 2304 1746 2372 Syri
1779 2314 1832 2356 et
1859 2300 2022 2372 Sera-

447 2371 644 2440 pionis.
697 2373 751 2426 In
787 2371 980 2440 Apttria
1013 2374 1190 2428 natale
1230 2373 1326 2428 SS.
1378 2373 1568 2430 Felicis
1614 2371 1678 2429 et
1700 2373 1908 2427 Donati.
1937 2371 2026 2438 C.,

446 2441 514 2497 Et
545 2445 595 2497 itt
625 2451 779 2513 portu
812 2443 956 2498 urbis
984 2443 1166 2498 Roma:
1201 2452 1224 2479 ο
1260 2444 1501 2515 Ingenui.

521 2537 608 2590 12.
640 2565 709 2576 -
742 2535 782 2589 Il
816 2536 888 2589 In.
921 2536 1081 2590 Vacat
1113 2537 1288 2593 Bteda.

518 2628 579 2682 ϐ.
608 2626 694 2698 γ..
730 2627 782 2680 In
817 2627 1107 2695 Pamphilia
1139 2627 1198 2682 S.
1229 2629 1373 2698 Syri,
1401 2629 1526 2683 alibi
1559 2628 1616 2683 S.
1645 2626 1820 2694 Eupli.
1849 2625 1937 2698 Υ..
1963 2623 2028 2698 Et

448 2696 778 2765 Serapionis.
814 2698 901 2761 D.,
935 2699 1084 2766 Apud
1111 2696 1300 2753 urbem
1333 2701 1596 2762 Ticinum,
1640 2713 1758 2763 quae
1787 2707 1839 2749 et
1868 2696 2025 2761 Papia

449 2769 998 2840 dicitur,_sanctorunt
1033 2769 1394 2823 conlessorum
1435 2769 1554 2840 Syri
1586 2778 1642 2840 et
1673 2768 1700 2804 ά
1754 2766 2023 2840 llyventii.

452 2838 538 2903 B.,
565 2839 618 2892 In
646 2837 859 2894 civitate
881 2840 1108 2894 Catenas
1132 2840 1229 2894 SS.
1264 2847 1287 2875 ο
1321 2837 1552 2908 Εριιιῖθι
1579 2838 1887 2908 Serapionis
1916 2837 2026 2902 epi-

2133 1824 2302 1884 scopi.
2369 1823 2421 1875 lu
2474 1823 2768 1889 Pamphilia
2825 1824 3001 1876 natale
3057 1821 3115 1876 S.
3167 1822 3342 1888 Cyrici
3398 1824 3634 1889 episcopi
3667 1836 3718 1877 et

2132 1892 2474 1947 eonl‘essoris.
2503 1897 2566 1947 A.
2586 1894 2674 1959 T.,
2697 1893 2881 1948 Romae
2897 1891 3075 1946 natale
3094 1892 3149 1944 S.
3174 1892 3430 1962 llypoliti.
3453 1894 3517 1946 A.
3545 1894 3604 1946 Τ.
3628 1895 3712 1958 L.,

2135 1963 2516 2028 Augttstoduno
2539 1963 2800 2030 depositio
2829 1963 2887 2016 Β.
2921 1971 2946 2008 8
2992 1961 3199 2014 Evantii
3224 1961 3228 1962 “
3251 1963 3508 2030 episcopi.
3531 1964 3596 2017 T.
3627 1965 3712 2028 l..,

2132 2032 2188 2158 lin
2223 2033 2404 2114 Sicilia
2435 2035 2614 2102 passio
2647 2033 2959 2103 Serapionis
2994 2033 3228 2100 episcopi
3260 2041 3314 2087 et
3341 2033 3571 2087 aliorum
3608 2044 3717 2088 tre-

2170 2119 2327 2158 eetm.

2170 2119 2327 2160 CClm.

2203 2213 2292 2270 15.
2324 2242 2395 2254 -
2425 2213 2617 2269 lDlBUS.
2650 2213 2811 2269 Vacat
2843 2213 3018 2268 Baeda.

2206 2323 2290 2389 D.,
2316 2324 2465 2392 Apud
2492 2325 2778 2394 AEgyptnm
2801 2325 3016 2380 civitate
3048 2325 3389 2380 Alexandria.
3426 2327 3509 2389 8..
3539 2329 3566 2365 ιι
3595 2327 3721 2382 Phi-

2133 2393 2260 2466 lippi
2290 2396 2524 2462 episcoiii
2567 2393 2619 2449 et
2659 2398 2932 2466 martyris.
2961 2396 3024 2449 C.
3059 2395 3120 2450 V.
3153 2396 3212 2449 L.
3247 2400 3311 2449 A.
3340 2397 3430 2461 T.,
3465 2401 3721 2466 Augusti-

2133 2465 2278 2518 dono
2306 2467 2573 2532 depositio
2607 2468 2664 2518 Β.
2705 2465 2720 2502 ί
2758 2465 2984 2519 Nectarii
3032 2467 3289 2533 episcopi.
3332 2467 3420 2531 L.,
3455 2469 3522 2522 Et
3549 2470 3722 2523 Turo-

2136 2537 2262 2588 nisl
2305 2535 2530 2588 Lictoris
2579 2535 2834 2603 episcopi.
2885 2536 2944 2588 Β.
2984 2540 3045 2589 A.
3078 2537 3165 2600 T.,
3210 2537 3264 2589 In
3297 2536 3483 2591 Galliis
3509 2541 3723 2594 civitate

2137 2604 2368 2679 Turonis
2397 2606 2756 2679 ἀρρωδίη-8.
2789 2605 3013 2679 Lictoris
3041 2604 3162 2679 [B.,A
3191 2605 3430 2679 Lidonis]
3461 2609 3720 2676 episcOpi.

2134 2675 2324 2729 Romae
2359 2679 2532 2728 natale
2570 2675 2628 2729 S.
2665 2674 2899 2744 Dionysii
2931 2674 3186 2743 episcopi.
3233 2674 3439 2744 Eodem
3471 2679 3557 2732 die
3589 2674 3722 2742 apud

2137 2745 2369 2819 Duaenm
2401 2745 2546 2819 [T.et
2678 2760 2780 2819 om.
2806 2743 2948 2819 apud
2985 2743 3244 2819 Quacum]
3270 2747 3530 2812 depositio
3553 2749 3721 2819 (Alias

2136 2815 2415 2885 transitus)
2435 2818 2492 2870 S.
2530 2817 2554 2855 ιι
2585 2815 2759 2868 Amati
2786 2816 3042 2884 episcopi.
3097 2816 3183 2881 Β..
3229 2815 3284 2872 Ιιι
3331 2819 3519 2887 Apulia
3551 2815 3727 2873 natale

1849 2925 2058 2980 Sill'l'll
2099 2924 2327 2981 NOTAE.

453 3028 522 3068 xx
551 3012 813 3079 Januarii,
867 3012 954 3080 qui
1002 3013 1136 3067 obiit
1159 3029 1246 3066 an.
1293 3011 1452 3067 1107.
1493 3013 1641 3067 Alius
1667 3013 1826 3067 etiam
1861 3015 2028 3068 Bene-

2136 3014 2375 3068 cOimius
2434 3012 2736 3080 consignat.
2809 3011 3036 3067 ClthlUS
3093 3013 3216 3070 SEN.
3289 3014 3456 3070 Gneo.
3511 3017 3717 3074 Τιιιοκ.

454 3083 628 3136 dictus
682 3084 901 3138 eremita
943 3087 1137 3138 colitur
1186 3083 1368 3154 Nitrize
1418 3085 1470 3138 in
1518 3083 1786 3154 Hungaria
1817 3085 1904 3140 die
1946 3101 2033 3140 XVI
2065 3093 2109 3153 C
2143 3085 2272 3138 llist.
2334 3099 2405 3148 tv,
2460 3081 2551 3146 56,
2612 3092 2666 3135 et
2712 3083 2958 3151 ejusdem
3006 3085 3242 3140 auctoris
3298 3085 3429 3140 Vitae
3487 3088 3722 3146 l’alt'uul.

455 3154 600 3210 Julii.
634 3154 939 3210 FERBARIUS
970 3156 1020 3208 in
1052 3154 1220 3208 Catal.
1254 3153 1388 3208 Gen.

531 3222 749 3278 'Proti.
795 3227 978 3279 Romae
1005 3226 1088 3278 via
1121 3225 1322 3279 Salaria
1367 3225 1418 3277 in
1464 3225 1779 3278 coemeterio
1828 3225 2040 3278 Basillae

458 3294 514 3350 bi
566 3296 755 3361 sepulti
803 3304 946 3360 sunt,
1007 3296 1098 3362 qui
1147 3295 1247 3348 sub
1299 3294 1540 3348 Gallieno
1591 3295 1912 3361 imperatore
1942 3295 2040 3347 de-

460 3365 709 3435 prehensi
738 3376 860 3419 sunt
889 3367 1026 3434 quod
1052 3373 1232 3435 essent
1260 3362 1570 3435 Christiani.
1597 3365 1820 3417 Exstant
1852 3379 2035 3435 eorum

465 3433 551 3488 res
583 3444 747 3502 gesta:
775 3437 826 3489 itt
861 3433 1010 3490 Aetis
1052 3434 1111 3489 S.
1148 3435 1419 3500 Eugeniae,
1446 3434 1513 3487 de
1555 3447 1655 3501 qua
1682 3435 1856 3502 agitur
1902 3433 2041 3502 apud

465 3505 680 3561 Surium
714 3516 842 3560 tom.
877 3505 960 3566 γι,
993 3505 1079 3559 die
1107 3520 1195 3558 vni
1228 3504 1340 3559 Kal.
1369 3503 1587 3556 Januar.

540 3574 568 3613 δ
605 3573 874 3629 Patientis.
908 3575 1279 3644 Lugdunensis
1309 3575 1541 3642 episcopi
1572 3571 1809 3626 vicesimi
1837 3572 2044 3644 quarti;

471 3645 560 3707 qui
603 3643 700 3698 fuit
740 3656 923 3700 contra
969 3643 1278 3713 Pelagianos
1321 3653 1681 3712 propugnator
1709 3643 2044 3711 acerrimus:

469 3715 862 3770 Gallicanorum
895 3716 1268 3783 episc0porum
1310 3713 1549 3767 interluit
1576 3714 1825 3783 concilio,
1863 3713 1912 3764 in
1943 3727 2047 3779 quo

470 3786 680 3853 cognita
709 3797 759 3839 et
788 3781 1092 3851 approbata
1124 3793 1207 3839 est
1255 3784 1388 3837 lides
1427 3783 1688 3837 catholica
1738 3781 1917 3836 Fausti
1950 3784 2049 3837 Le-

472 3853 742 3918 rinensis,
811 3855 1116 3909 damnantis
1186 3856 1427 3922 dogmata
1501 3853 1721 3920 Pelagii.
1783 3853 2050 3920 Tempore

475 3925 983 3995 maximteegestatis
1007 3935 1060 3978 et
1089 3925 1400 3991 lamislarga
1427 3938 1701 3995 manunon
1717 3924 1825 3995 suis
1845 3933 2048 3977 tantum

474 3995 568 4047 sed
594 3993 990 4049 Arelat'ensibus
1013 4036 1026 4058 ,
1044 3995 1486 4056 Arvernensibns,
1511 4004 1564 4046 et
1581 3993 1696 4047 aliis
1727 3994 2046 4048 frumentum

479 4065 696 4118 mittens
723 4065 993 4120 subvenit.
1031 4063 1175 4118 Obiit
1193 4068 1335 4118 circa
1364 4079 1452 4117 an.
1489 4062 1614 4116 480.
1663 4064 1789 4131 Ejus
1813 4066 2050 4116 meminit

478 4136 765 4201 Gregorius
808 4136 1010 4189 Turon.
1061 4135 1197 4188 Hist.
1247 4148 1304 4196 Il,
1334 4135 1437 4195 24,
1470 4145 1520 4188 et
1559 4134 1808 4188 Sidonius
1850 4134 2054 4200 Apolli-

483 4221 625 4257 naris
655 4221 775 4258 eum
814 4208 993 4258 laudat
1017 4205 1086 4259 ob
1109 4205 1390 4259 ecclesiam
1425 4204 1668 4274 Lugduni
1694 4213 2050 4258 constructam

481 4276 571 4328 ιιι).
607 4290 665 4340 ιι,
691 4279 844 4342 epist.
885 4277 968 4328 lt).

558 4349 579 4416 ξε
617 4346 852 4415 Ingenui.
896 4347 1111 4401 llieron.
1144 4343 1417 4416 Martyrol.
1462 4345 1536 4400 illi
1575 4343 1668 4399 dat
1697 4344 1899 4398 socium
1927 4342 2054 4412 Ilip-

483 4413 741 4486 plilrylttAl-Il.

555 4482 588 4523 d-
625 4484 889 4555 Hyventit'.
942 4485 1073 4542 Sive
1127 4485 1369 4547 Iuventii,
1426 4483 1510 4538 vel
1560 4482 1794 4555 Eventii,
1847 4484 1925 4537 vel
1965 4483 2059 4537 Ju—

490 4554 692 4619 veulii,
714 4558 780 4610 de
807 4573 911 4625 quo
939 4558 1184 4625 superius
1204 4556 1396 4609 itetum
1428 4562 1581 4625 sexto
1616 4554 1733 4607 Idus
1760 4554 2054 4609 Februarii.

490 4627 564 4680 De
607 4624 869 4697 llyventio
911 4636 966 4682 et
1007 4624 1159 4697 Syro
1202 4627 1466 4697 episc0pis
1497 4624 1787 4697 Usuardus
1845 4635 1899 4678 et
1943 4627 2060 4678 Ado

490 4694 850 4765 hodie'agunt.
885 4699 936 4751 Ιιι
970 4694 1161 4751 tabulis
1182 4707 1358 4751 autem
1387 4695 1640 4750 Ecclesia:
1663 4694 1960 4749 'l‘icinensis
1993 4697 2062 4750 de

493 4779 717 4833 utroque
754 4770 978 4821 seursim
1033 4769 1205 4835 agitur
1236 4784 1247 4819 :
1297 4769 1542 4820 nimirum
1575 4767 1642 4821 de
1677 4767 1936 4836 llyventio
1967 4780 2062 4820 oc-

491 4846 612 4890 tavo
643 4839 718 4892 ld.
751 4837 910 4891 Febr.
946 4839 1084 4892 etde
1109 4838 1247 4905 Syro
1275 4837 1460 4907 quinto
1493 4837 1612 4890 ldus
1642 4837 1894 4891 Decemb.
1919 4837 2061 4904 ejus-

490 4923 596 4975 que
627 4909 1028 4962 translationem
1073 4923 1160 4960 xw
1195 4907 1309 4962 Kal.
1340 4907 1479 4961 Junii
1509 4908 1804 4962 celebrant.

571 4986 594 5013 ε
643 4976 818 5046 Epuli.
854 4979 957 5032 Seu
991 4978 1166 5046 Eupli,
1212 4978 1426 5031 Catanaa
1457 4979 1507 5030 in
1549 4978 1725 5032 Sicilia
1756 4992 1875 5032 cum
1906 4975 2064 5031 Sera-

493 5047 654 5116 pione
678 5046 838 5115 passi.
869 5047 1144 5102 Ferrarius
1172 5049 1224 5102 in
1256 5049 1500 5115 catalogo
1528 5048 1762 5114 generali
1793 5047 2065 5100 existimat

492 5133 586 5171 eos
639 5119 738 5171 sub
764 5119 1112 5173 Constantino
1161 5130 1216 5172 et
1253 5119 1404 5173 lrene
1432 5119 1653 5184 vixisse,
1697 5127 1750 5172 et
1778 5132 1872 5171 eos
1901 5117 2068 5185 pridie

491 5199 772 5243 memorat.

571 5258 590 5296 ί
624 5259 940 5314 Sacerdotis.
989 5257 1361 5327 Lugdunensis
1392 5257 1627 5326 episcopi
1657 5256 1934 5312 tricesimi.
1968 5256 2065 5311 Hic

495 5329 772 5384 :ediliCavit
806 5341 858 5384 et
884 5330 1092 5385 dolavit
1120 5330 1404 5384 ecclesiam
1438 5328 1497 5383 S.
1533 5330 1676 5381 Pauli
1707 5338 1760 5381 et
1782 5328 2065 5381 ecclesiam

496 5401 557 5456 S.
603 5399 823 5454 Eulalia:
855 5415 972 5468 quae
1026 5415 1164 5455 nunc
1193 5402 1249 5454 S.
1303 5399 1518 5468 Georgii
1568 5399 1791 5468 dicitur;
1833 5399 2072 5451 interluit

497 5466 883 5526 Aurelianensi‘
903 5487 933 5522 v
961 5472 1190 5525 concilio
1219 5466 1492 5524 celebrato
1514 5484 1655 5522 anno
1677 5466 1802 5522 519.
1836 5468 2072 5522 Decessit

498 5541 1064 5621 apudPat'isiosnpost
1096 5541 1358 5621 synodum
1380 5541 1558 5621 illam,
1596 5555 1712 5606 quae
1743 5540 2066 5619 Saliaracutn

497 5614 723 5677 expulit,
751 5627 872 5666 cum
915 5613 972 5666 S.
1002 5613 1238 5666 Nicetius
1284 5614 1351 5664 ab
1380 5611 1495 5677 ipso
1544 5625 1822 5664 successor
1848 5611 1964 5676 ejus
1991 5618 2074 5663 est

501 5682 725 5735 electus.
753 5682 1052 5737 Sall'aracus
1079 5696 1255 5734 autem
1288 5691 1661 5735 exauctoratus
1682 5690 1763 5734 est
1792 5683 1842 5733 in
1865 5681 2072 5748 synodo

505 5751 788 5808 l’arisicnsi
842 5769 902 5822 ιι,
948 5768 1106 5824 quam
1158 5767 1298 5806 anno
1327 5751 1430 5807 555
1477 5751 1814 5814 Sirmondus,
1854 5767 1938 5805 an.

2142 3156 2497 3276 ‘ll;.gl‘anlll.
2558 3223 2605 3277 is
2639 3225 2689 3277 in
2725 3223 2914 3278 tabulis
2965 3224 3337 3294 episcoporum
3371 3226 3721 3283 Aﬁduensinm

2143 3296 2282 3364 apud
2335 3295 2718 3366 Detnocharem
2769 3310 2872 3348 non
2920 3296 3205 3366 reperitur,
3250 3297 3352 3350 nisi
3385 3298 3451 3351 sit
3499 3303 3585 3366 qui
3618 3302 3725 3354 Eu-

2145 3366 2363 3418 nuthius
2413 3365 2740 3436 nominatur,
2784 3378 2812 3415 tt
2855 3365 3138 3432 episcopus
3200 3365 3723 3436 Augustodunensis,

2143 3435 2226 3488 cui
2261 3443 2436 3486 tamen
2477 3435 2776 3486 sanctitatis
2803 3443 2923 3485 nota
2963 3437 3203 3501 apposita
3235 3452 3338 3488 non
3367 3446 3470 3489 est.

2216 3501 2242 3540 ιι
2290 3503 2540 3568 Philippi.
2585 3503 2656 3556 De
2688 3503 2785 3556 hoc
2817 3503 3072 3558 Baronius
3104 3506 3154 3556 in
3186 3505 3336 3558 Notis
3380 3507 3458 3559 sic
3499 3509 3684 3562 scribit
3715 3528 3726 3563 :

2152 3592 2169 3624 ι
2209 3573 2322 3626 Ado
2350 3584 2403 3628 et
2429 3574 2517 3625 alii
2548 3573 2873 3626 recentiores
2893 3574 3194 3642 corrigendi
3223 3585 3367 3637 sunt,
3390 3575 3515 3630 dum
3539 3594 3604 3631 ex
3632 3581 3732 3632 Ac-

2149 3644 2214 3697 tis
2238 3645 2293 3697 S.
2323 3643 2574 3712 Eugenia:
2597 3643 2780 3695 dicunt
2809 3644 2951 3695 illum
2984 3641 3144 3698 fuisse
3169 3643 3479 3712 episcopum
3505 3648 3731 3702 Alexan-

2148 3716 2360 3767 drinum
2397 3731 2410 3768 :
2448 3730 2565 3765 nam
2597 3713 2712 3780 ejus
2745 3715 3052 3779 pra-lectura
3083 3713 3388 3782 saecularis,
3419 3732 3524 3770 non
3555 3734 3728 3773 sacer-

2148 3785 2345 3837 dotalis
2385 3784 2482 3837 l'uit
2521 3800 2532 3834 :
2579 3783 2838 3837 Eusebius
2881 3785 3078 3837 etenim
3120 3799 3239 3838 cum
3284 3796 3390 3838 tam
3437 3787 3488 3840 in
3530 3788 3732 3841 Chron.

2149 3871 2309 3924 quam
2341 3854 2394 3908 in
2429 3854 2564 3908 ΗΜ.
2601 3854 2730 3907 texit
2768 3855 2971 3907 seriem
3005 3855 3377 3922 episcoporum
3421 3857 3734 3914 Alexandri-

2151 3941 2364 3990 norum,
2408 3936 2461 3978 et
2493 3924 2710 3990 Niceph.
2742 3924 2948 3996 Gallist.
2976 3936 3030 3979 et
3068 3925 3154 3979 alii
3187 3926 3274 3993 qui
3307 3927 3356 3980 id
3399 3927 3569 3995 ipsum
3605 3945 3738 3996 prae-

2151 4000 2426 4057 stiterunt,
2458 3996 2596 4048 inter
2627 3994 3015 4049 Alexandrinos
3042 3997 3320 4064 episcopos
3349 3994 3451 4051 non
3481 3994 3738 4054 annume-

2152 4078 2271 4119 rant.
2317 4066 2636 4131 Philippum.
2689 4067 2890 4118 littrsus
2931 4075 3108 4118 autem
3156 4066 3207 4118 in
3253 4067 3443 4120 eodem
3494 4068 3739 4135 Philippo

2154 4137 2214 4190 S.
2250 4137 2496 4206 Eugeniae
2529 4146 2675 4202 patre
2707 4145 3020 4189 erraverunt
3045 4135 3145 4206 “alii
3177 4137 3263 4201 qui
3309 4147 3559 4204 putarunt
3587 4154 3738 4192 eum-

2155 4207 2276 4260 dem
2307 4205 2428 4260 esse
2454 4207 2754 4274 Philippum
2785 4208 2912 4267 imp.
2946 4215 3001 4257 ut
3031 4205 3305 4260 Cedrenus
3337 4208 3386 4258 itt
3421 4207 3735 4273 Maximino;

2154 4293 2288 4346 quos
2348 4276 2752 4346 Zottarasijure
2807 4276 3074 4342 redarguit
3126 4277 3178 4329 itt
3239 4277 3481 4345 Philippo
3532 4280 3661 4343 Imp.
3719 4299 3737 4330 ι

2156 4345 2344 4401 Gladio
2387 4357 2563 4399 atttem
2599 4345 2866 4414 jugulatus
2892 4356 2973 4399 est
3015 4346 3165 4414 jussu
3205 4346 3437 4401 Terentii
3485 4348 3739 4416 praefecti,

2162 4419 2276 4488 ejus
2314 4422 2659 4479 successoris,
2687 4421 2885 4471 Severo
2924 4425 2977 4469 et
3016 4417 3286 4471 Antonino
3327 4417 3436 4471 ﬁlio
3477 4422 3738 4488 regnanti-

2162 4487 2284 4553 bus,
2317 4499 2370 4540 nt
2403 4491 2529 4540 Aeta
2562 4489 2809 4549 Eugeniae
2840 4497 3113 4540 testantur.

2242 4557 2258 4594 ί
2310 4559 2556 4611 Nectarii.
2616 4557 2735 4610 Fuit
2782 4555 2869 4609 hic
2901 4558 3151 4627 Adet-imus
3198 4568 3414 4612 octavus
3461 4560 3744 4627 episcopus

2165 4627 2681 4696 Augustodunensis,
2703 4637 2870 4696 prout
2897 4625 2948 4678 in
2975 4627 3191 4681 'l‘abttlts
3217 4628 3471 4681 Democh.
3495 4625 3742 4696 apparet.

2167 4693 2342 4768 De'eo
2367 4696 2422 4768 in
2451 4693 2564 4748 Vita
2597 4697 2653 4751 S.
2688 4693 2935 4749 Germani
2967 4699 3202 4766 episcopi
3237 4693 3742 4768 Autissiodurensis,

2163 4767 2312 4833 cujus
2343 4765 2439 4818 l‘uit
2462 4776 2962 4832 Contemporaneos.

2239 4838 2253 4886 Ξ
2303 4835 2536 4906 Ligeris.
2598 4837 2687 4888 Vel
2720 4836 2928 4899 Litorii,
2957 4836 3177 4890 secundi
3207 4837 3441 4906 episcopi
3467 4838 3740 4894 Turonen'

2169 4907 2265 4960 sis.
2297 4905 2396 4971 Qui
2425 4921 2564 4958 anno
2594 4907 2801 4972 imperii
2831 4908 3134 4961 Constantis
3173 4913 3360 4973 primo,
3394 4905 3588 4963 Christi
3617 4909 3743 4976 557,

2167 4977 2443 5030 ordinatus
2483 4987 2565 5028 est
2598 4994 2612 5028 ;
2647 4976 2746 5028 fuit
2783 4978 2850 5029 de
2879 4977 3081 5030 civibus
3109 4978 3387 5033 Turonicis
3420 4997 3432 5033 :
3466 4981 3748 5036 aediﬁcavit

2167 5047 2459 5120 ecclesiam,
2480 5045 2615 5098 infra
2643 5047 2827 5120 urbem
2854 5047 3168 5102 Turonicant
3197 5051 3444 5116 primam,
3475 5051 3748 5120 primaque

2169 5117 2236 5170 ab
2257 5133 2320 5170 eo
2343 5132 2405 5170 ex
2432 5117 2592 5186 domo
2617 5118 2891 5186 cujusdam
2922 5121 3184 5172 senatoris
3216 5120 3426 5175 basilica
3457 5123 3592 5175 facta
3616 5117 3695 5176 est
3726 5141 3736 5174 :

2170 5189 2308 5261 sedit
2337 5201 2517 5261 annos
2549 5185 2641 5250 55,
2669 5185 2742 5261 ρι
2787 5188 2917 5261 obiit
2964 5191 3304 5261 sepultusque
3344 5203 3424 5245 est
3466 5194 3518 5246 in
3560 5208 3742 5261 supra-

2170 5259 2360 5328 scripta
2393 5258 2625 5312 basilica.
2656 5258 2824 5312 Gnrc.
2853 5258 3077 5324 'l‘unotv.,
3111 5260 3242 5313 llist.
3281 5278 3331 5328 ιι,
3365 5265 3453 5317 31.

2247 5331 2270 5366 κ
2313 5326 2501 5380 Amati.
2533 5329 2630 5394 Qui
2653 5369 2668 5390 ,
2701 5328 2924 5382 Senecio
2954 5326 3338 5385 Senonensium
3370 5334 3621 5400 episcopo
3650 5333 3744 5386 de-

2171 5397 2370 5462 functo,
2395 5401 2663 5451 communi
2695 5401 2930 5452 omnium
2959 5415 3220 5454 consensu
3249 5397 3452 5456 electus
3477 5397 3601 5454 est:
3634 5417 3745 5455 ma-

2175 5469 2342 5522 lorum
2377 5468 2568 5521 invidia
2597 5481 2903 5533 accusatus,
2939 5485 2967 5522 a
2999 5471 3333 5524 Theoderico
3365 5488 3488 5539 rege
3522 5474 3572 5524 in
3600 5473 3742 5526 exsi-

2175 5539 2300 5592 lium
2329 5540 2506 5605 pulsus
2527 5549 2628 5607 est,
2656 5550 2710 5593 et
2741 5541 3001 5608 Peronam
3033 5556 3219 5608 pagunt
3260 5543 3742 5594 Veromanduorum

2175 5609 2457 5677 perductus
2495 5612 2595 5663 sub
2623 5611 2862 5664 custodia
2896 5611 2994 5664 SS.
3025 5614 3271 5665 abbatum
3317 5612 3488 5667 Ultaui
3521 5621 3577 5666 et
3616 5612 3749 5666 Fun-

2176 5682 2266 5733 saai
2294 5678 2427 5742 fuit;
2457 5694 2518 5733 ac
2539 5680 2732 5734 deinde
2753 5681 2855 5735 sub
2875 5682 2932 5735 8.
2959 5681 3253 5748 illaut-omo,
3277 5699 3432 5750 quem
3467 5684 3526 5739 S.
3551 5689 3748 5737 Aman-

2178 5753 2275 5805 dus
2310 5750 2623 5807 clericorum
2653 5752 2921 5816 abbatem,
2955 5753 3004 5807 ιιι
3036 5754 3151 5808 loco
3179 5754 3266 5823 qui
3297 5754 3504 5810 Broilus
3529 5754 3741 5809 dicitur.
