4054 6190
331 369 351 419 i
365 365 465 421 043

1081 362 1279 417 ΒΕΒᾸΞ
1322 359 1763 416 VENERABILIS
1802 356 1950 413 Ul’P.
1996 356 2170 412 PARS
2209 356 2293 411 IV.
2327 386 2397 398 —
2436 355 2808 411 HISTOIIICA.

3436 344 3571 399 I0”

1541 471 1768 526 EDITIO
1804 470 2225 525 COLOIENSIS.

332 572 525 627 deinde
554 566 799 638 baptismi
827 569 989 637 gratia
1041 566 1423 629 sanetilicatus,
1455 564 1790 632 episcopatus
1818 563 1896 616 di-
1926 566 1970 623 Α
2002 562 2169 616 nelius
2186 561 2251 614 ab
2270 559 2572 613 inﬁrmitate
2588 555 3024 611 sanavitorando.
3045 556 3424 620 Beatusitaqne
3444 552 3576 606 Cor-

332 664 610 733 gnitatem,
650 658 949 727 suffragium
1001 657 1287 712 ferentibus
1334 656 1536 723 populis
1588 653 1898 708 Christianis

331 754 647 820 assequitur,
678 759 731 804 et
757 750 854 802 sub
896 748 1178 801 Volusiano
1203 754 1256 799 et
1282 744 1520 799 Gallieno
1567 742 1899 811 imperatori-

333 845 449 908 bus,
490 839 865 899 Perhetnmius,
919 835 1198 905 praefectus
1250 834 1602 896 Alexandrire,
1653 832 1902 901 cogitavit

332 948 454 987 eum
504 931 764 988 occidere.
814 926 916 981 Sed
966 940 1083 979 cum
1134 925 1232 977 hoc
1284 924 1501 991 implere
1548 937 1650 975 non
1702 930 1898 989 posset,

338 1034 549 1092 propter
579 1022 826 1091 populum
854 1018 1208 1072 Christianum
1234 1056 1249 1080 ,
1280 1016 1497 1068 immisit
1524 1014 1775 1081 quosdam
1814 1012 1900 1080 qui

336 1133 395 1172 se
435 1117 690 1183 ﬁngerent
734 1113 1080 1166 Christianus.
1128 1110 1334 1176 Quique
1377 1107 1727 1175 ingredientes
1785 1118 1902 1172 per-

335 1215 611 1261 cusserunt
641 1219 758 1258 eum
791 1203 844 1256 iu
875 1202 1113 1255 Oratione
1154 1199 1513 1253 constitutum.
1546 1196 1697 1250 Sedit
1727 1204 1901 1247 autem

336 1297 387 1349 in
418 1297 719 1363 episcopatu
761 1308 951 1346 annum
982 1306 1162 1353 unum,
1216 1302 1423 1342 menses
1459 1296 1586 1340 tres.
1636 1286 1699 1339 Et
1736 1284 1903 1338 sancti

334 1386 510 1443 Amati
581 1384 905 1452 presbyteri,
963 1388 1017 1432 et
1085 1379 1291 1433 abbatis
1361 1378 1662 1431 monasterii
1739 1377 1904 1430 Sancti

343 1474 625 1529 Itomarici.
683 1473 911 1527 Turonis
960 1469 1218 1537 depositio
1283 1468 1421 1522 beati
1495 1466 1729 1520 Licronis
1797 1465 1907 1533 epi-

342 1564 506 1630 scopi.

415 1655 475 1707 Ε.
508 1652 667 1707 XVIII
694 1653 928 1706 KALEND.
960 1651 1093 1704 Ocr.
1120 1680 1188 1691 -—-
1219 1651 1398 1703 Roma:
1425 1651 1504 1703 via
1547 1651 1707 1717 Appia
1740 1650 1912 1704 natale

342 1742 513 1797 sancti
545 1740 773 1795 Cornelii
817 1741 1065 1809 episcopi,
1100 1735 1196 1793 sub
1227 1740 1588 1805 persecutione
1628 1738 1798 1801 Decii;
1828 1739 1909 1792 cui

348 1834 515 1899 primo
539 1847 601 1886 os
629 1846 747 1886 cum
783 1831 1063 1898 plumbatis
1086 1842 1167 1884 est
1191 1844 1411 1894 cazsum,
1441 1838 1496 1883 et
1524 1828 1813 1883 decollatus
1834 1838 1917 1884 est

2002 652 2170 705 nelins
2210 661 2419 720 rOgatus
2445 668 2473 705 a
2509 652 2657 705 beata
2702 649 2916 712 Lucina,
2954 662 3174 715 corpora
3219 644 3579 712 apostolorum

2002 741 2137 793 beati
2163 740 2300 793 Petri
2327 748 2380 794 et
2410 740 2555 793 Pauli
2584 740 2648 794 de
2677 738 2995 793 catacumbis
3022 735 3219 791 levavit
3247 746 3401 789 noctu
3430 750 3445 788 :
3473 735 3580 803 pri-

2001 846 2142 884 mum
2170 831 2380 901 quidem
2408 846 2598 897 corpus
2623 831 2757 884 beati
2776 830 2929 887 Pauli
2956 831 3103 883 beata
3127 828 3322 881 Lucina
3352 829 3576 893 accepit,

2001 930 2054 976 et
2081 923 2255 991 posuit
2279 924 2329 976 in
2362 923 2556 989 prmdio
2583 937 2679 975 suo
2710 922 2791 975 via
2817 921 3065 982 Ostiensi,
3094 920 3158 972 ad
3190 920 3322 971 latus
3350 919 3437 970 ubi
3485 918 3580 971 de-

2003 1013 2225 1064 collatus
2246 1011 2359 1065 fuit.
2376 1012 2513 1065 beati
2537 1011 2675 1065 Petri
2699 1026 2822 1065 vero
2842 1025 3035 1079 corpus
3054 1018 3268 1062 sanctus
3298 1007 3582 1061 Cornelius

2004 1110 2205 1174 accepit
2233 1108 2530 1176 episcopus,
2558 1115 2610 1160 et
2639 1098 3157 1174 posuitjuxtalocum
3183 1103 3269 1155 ubi
3298 1101 3582 1154 cruciﬁxus

2005 1207 2105 1263 est,
2138 1199 2273 1251 inter
2304 1212 2521 1265 corpora
2554 1205 2884 1260 sanctorum,
2940 1195 2990 1247 in
3041 1192 3236 1257 templo
3290 1190 3577 1256 Apollinis,

2008 1292 2059 1343 in
2091 1300 2268 1344 monte
2318 1289 2529 1343 Aurelio
2569 1287 2806 1341 Vaticani
2857 1286 3029 1354 palatii
3079 1283 3393 1344 Neroniani,
3426 1282 3587 1336 tertio

2010 1381 2231 1435 Kalend.
2254 1379 2395 1434 Julii.
2432 1380 2559 1432 Item
2590 1379 2757 1432 sancti
2788 1375 3037 1446 Cypriani
3067 1374 3317 1442 episc0pi,
3360 1374 3446 1441 qui
3489 1373 3590 1425 sub

2012 1472 2289 1527 Valeriano
2323 1472 2553 1539 principe
2600 1477 2719 1539 post
2755 1468 2963 1533 longum
3011 1466 3250 1519 exsilium
3304 1464 3586 1517 detrunca-

2016 1572 2099 1615 tus
2124 1563 2295 1630 capite
2339 1561 2646 1631 martyrium
2692 1558 3096 1621 consummavit,
3145 1562 3294 1608 sexto
3338 1552 3588 1605 milliario

2013 1668 2041 1704 a
2072 1651 2388 1719 Carthagine
2429 1650 2573 1719 juxta
2620 1663 2786 1701 mare.
2818 1646 3014 1700 Eodem
3046 1645 3133 1698 die
3175 1642 3423 1697 exaltatio
3452 1656 3592 1694 san-

2015 1753 2116 1796 ctae
2162 1742 2355 1795 crucis.
2406 1740 2649 1794 Treveris
2701 1736 2965 1807 depositio
3010 1736 3176 1790 sancti
3224 1733 3443 1788 Materni
3480 1732 3596 1801 epi-

2016 1832 2161 1899 scopi
2190 1840 2238 1885 et
2272 1828 2615 1884 confessoris.

344 1936 463 1975 cum
500 1921 617 1974 aliis
663 1921 841 1987 viginti
887 1935 990 1972 uno
1019 1919 1305 1987 promiscui
1350 1932 1535 1981 sexus,
1571 1934 1688 1970 eum
1722 1919 1908 1985 quibus
1942 1918 1986 1976 Β
2087 1920 2148 1973 F.
2182 1917 2322 1972 XVII
2352 1917 2426 1971 ΚΑ
2442 1933 2593 1970 LI-IND.
2622 1915 2755 1969 Ocr.
2781 1912 3055 1967 —Natale
3082 1911 3248 1964 sancti
3295 1906 3589 1962 Nicomedis

348 2023 398 2065 et
428 2012 658 2068 Cerealis
684 2013 833 2065 miles
861 2026 978 2063 cum
1012 2009 1237 2066 Salustia
1262 2023 1429 2063 uxore
1460 2024 1573 2073 sua,
1604 2025 1756 2077 quam
1785 2008 1917 2063 Cor-

2023 2012 2289 2081 martyris,
2319 2025 2472 2079 quem
2506 2008 2724 2063 Flaccus
2752 2019 2951 2070 comes,
2984 2018 3050 2058 eo
3077 2001 3213 2071 quod
3241 2015 3433 2070 corpus
3462 2014 3586 2053 san-

1593 2117 1818 2172 EDITIO
1860 2118 2361 2177 BOLLANDIANA.

360 2217 459 2273 SS.
496 2216 806 2271 Felicissimi
850 2226 903 2270 et
946 2215 1253 2270 Secundini.
1300 2212 1355 2267 ln
1400 2213 1711 2268 Alexandria
1755 2213 1928 2267 natale

358 2292 419 2342 S.
452 2286 729 2354 Theophili
773 2287 1025 2353 episcopi.
1077 2284 1375 2354 Andegavis
1414 2284 1628 2336 civitate
1666 2282 1929 2351 depositio

284 2408 291 2411 .
358 2361 417 2414 S.
448 2364 475 2392 ⁸
506 2357 791 2412 Aurilionis
820 2355 1079 2424 episcopi.

426 2488 512 2544 14.
535 2518 604 2529 -
631 2487 789 2541 XVIII
822 2486 954 2540 Κλι..
983 2485 1118 2540 Ocr.
1154 2485 1336 2539 Romae
1366 2483 1539 2537 natale
1563 2483 1622 2537 S.
1644 2480 1671 2518 δ
1694 2480 1935 2538 Cornelii

355 2579 589 2650 episcopi
620 2598 631 2631 :
664 2577 748 2633 cui
776 2578 946 2645 primo
973 2592 1033 2629 os
1058 2591 1176 2629 cum
1206 2574 1487 2642 plumbatis
1516 2588 1732 2639 caesum,
1764 2581 1819 2627 et
1849 2572 1928 2627 sic

352 2671 643 2726 decollatus
685 2677 767 2721 est
804 2682 923 2722 cum
969 2666 1086 2719 aliis
1127 2665 1310 2733 viginti
1353 2675 1409 2718 et
1454 2679 1559 2717 uno
1596 2662 1711 2732 UL,
1742 2662 1925 2730 viginti

354 2758 581 2829 duobus]
629 2756 909 2826 promiscui
962 2768 1119 2808 sexus
1163 2770 1177 2805 :
1228 2762 1282 2807 et
1328 2753 1562 2807 Cerealis
1610 2752 1761 2805 miles
1808 2766 1926 2805 cum

357 2862 522 2903 uxore
566 2861 658 2901 sua
706 2844 932 2901 Salustia
987 2857 1145 2913 quam
1184 2841 1460 2896 Cornelius
1509 2841 1576 2895 ah
1622 2840 1926 2896 infirmitate

2025 2225 2305 2271 sanaverat
2360 2215 2496 2284 passi
2548 2213 2648 2269 sub
2702 2212 2879 2267 Decio.
2941 2220 2961 2247 ε
3022 2208 3218 2263 Eodem
3271 2204 3361 2259 die
3412 2203 3585 2258 natale

2025 2307 2083 2362 S.
2117 2306 2142 2345 ιι
2171 2306 2416 2376 Cypriani
2465 2303 2572 2379 [C.,
2601 2300 2828 2373 Cyriaci]
2869 2298 3137 2369 episcopi,
3175 2296 3264 2366 qui
3301 2295 3399 2349 sub
3432 2293 3589 2347 Vale-

2026 2402 2175 2456 riano
2206 2399 2442 2470 principe
2486 2408 2605 2467 pust
2635 2397 2849 2464 longum
2880 2393 3123 2449 exsilium
3143 2431 3159 2455 ,
3191 2387 3593 2443 detruncatione

2027 2494 2214 2564 capitis
2263 2493 2571 2561 martyrium
2622 2484 3011 2544 consummavit
3062 2490 3212 2537 sexto
3264 2480 3507 2534 milliario
3563 2492 3593 2531 a

2031 2582 2366 2648 Carthagine.
2401 2581 2595 2635 Eodem
2628 2579 2715 2633 die
2740 2575 2992 2631 exaltatio
3022 2579 3219 2628 sancta:
3251 2579 3275 2607 ο
3304 2569 3498 2623 crucis.

2105 2676 2188 2739 Β..
2219 2672 2284 2727 Ει
2307 2672 2570 2741 depositio
2600 2668 2790 2725 Eharci
2819 2664 3075 2735 episc0pi.

2111 2765 2195 2819 15.
2226 2794 2295 2805 -
2322 2763 2460 2817 XVII
2489 2762 2624 2816 Kac.
2657 2757 2840 2813 Natale
2867 2756 2926 2811 S.
2957 2753 2976 2793 τ
3006 2750 3302 2807 Nicomedis
3351 2746 3599 2815 martyris

2036 2857 2150 2926 (0.,
2176 2852 2456 2925 episcopi).
2507 2854 2565 2907 L.
2618 2850 2761 2905 addit
2809 2857 2854 2902 et
2898 2856 2921 2894 8
2957 2843 3235 2899 Valeriani.
3277 2839 3468 2896 Eodem
3512 2838 3602 2892 die

1738 2972 1946 3029 SMITII
1986 2966 2214 3023 ΝΟΤᾸΞ.

360 3070 682 3126 instituerat.
726 3066 884 3122 Broili
923 3072 1097 3117 autem
1139 3062 1268 3117 obiit
1308 3076 1447 3116 anno
1474 3061 1613 3126 690;
1657 3061 1928 3118 Broileuse

2037 3073 2165 3112 vero
2208 3054 2475 3109 humiliter
2515 3051 2799 3115 renitente,
2846 3047 2909 3101 ad
2955 3041 3308 3116 episcopalem
3352 3039 3598 3116 thronum

361 3111 735 3195 Hiaiiésiérium
767 3111 1101 3190 destructum
1144 3111 1570 3195 esi-vanno'8'li),
1600 3111 1713 3193 vnn-o-
1732 3111 1930 3185 vii-nini:
1959 3135 2003 3197 η
2039 3111 2157 3195 pust
2205 3134 2427 3197 mortem
2475 3122 2663 3197 Donati
2708 3111 3149 3197 promotus-est,
3183 3126 3336 3181 quem
3380 3111 3465 3162 vix
3508 3124 3605 3175 per

357 3219 523 3263 uente
641 3207 907 3260 Danorum
956 3204 1323 3271 persecutione
1374 3201 1568 3255 fratres
1616 3201 1725 3255 Deo
1774 3212 1827 3256 et
1870 3202 1927 3255 S.

361 3283 553 3330 Amaro
592 3279 887 3330 servientes
916 3287 1109 3339 corpus
1155 3272 1310 3338 hujus
1352 3271 1519 3324 sancti
1565 3273 1796 3324 lluacum
1839 3273 1931 3325 de-

362 3356 725 3414 portaverunt,
744 3353 808 3414 et
837 3341 996 3414 in_su_i
1026 3340 1161 3408 juris
1191 3341 1415 3414 ecclesia
1450 3341 1507 3393 Β.
1533 3340 1709 3414 Maria:
1739 3356 1934 3408 posue-

364 3409 505 3470 runt.
550 3415 700 3469 Nunc
740 3413 838 3465 ista
888 3412 1124 3477 Deiparae
1165 3410 1389 3464 ecclesia
1435 3417 1516 3462 est
1555 3409 1829 3478 collegiata
1874 3409 1929 3465 S.

362 3486 533 3541 Amati
563 3487 720 3538 dicta.
753 3483 1071 3543 M.\BILI.ON.,
1102 3493 1223 3532 saec.
1258 3494 1293 3532 Il
1325 3481 1441 3533 Art.
1478 3480 1631 3543 Ben.,
1666 3496 1718 3544 p.
1750 3479 1876 3534 957.

435 3561 460 3589 ³
501 3553 803 3607 Aurilionis.
862 3552 1040 3604 Potius
1092 3548 1337 3602 Maurilii.
1388 3548 1481 3601 llic
1530 3549 1935 3603 Mediolanensis

365 3625 495 3678 civis
537 3624 793 3686 illustris,
824 3630 878 3675 et
916 3620 973 3674 S.
1008 3619 1213 3673 Martini
1243 3619 1529 3683 discipulus
1562 3618 1692 3681 fuit,
1725 3630 1777 3672 et
1820 3618 1935 3685 ejus

368 3696 576 3747 hortatu
606 3692 806 3746 electus
835 3701 913 3744 est
945 3688 1343 3757 Andegavensis
1375 3689 1673 3758 episcOpus.
1718 3688 1790 3740 De
1818 3689 1934 3757 ejus

368 3763 654 3823 miraculis,
684 3761 749 3814 de
772 3774 928 3814 causa
956 3758 1024 3812 ob
1048 3773 1205 3827 quam
1234 3757 1594 3825 episcOpatum
1629 3758 1933 3825 relinquens

369 3848 513 3885 mare
549 3831 792 3893 transiit,
832 3830 898 3883 de
934 3829 1047 3896 ejus
1082 3828 1248 3881 reditu
1285 3827 1348 3878 ad
1389 3842 1540 3889 suos,
1586 3836 1636 3878 et
1670 3827 1937 3892 quomodo

370 3917 585 3966 puerum
619 3916 710 3967 per
737 3908 859 3953 octo
885 3895 1051 3950 annos
1080 3899 1398 3967 exstinctum
1431 3895 1495 3948 ad
1522 3896 1685 3967 yjtam
1718 3910 1936 3950 revoca-

368 3964 472 4033 vit,
506 3964 630 4022 vide
655 3972 777 4021 Acta
807 3970 921 4029 eius
948 3967 1081 4032 apud
1115 3966 1325 4021 Surium
1360 3974 1485 4019 tein.
1522 3964 1585 4017 V.

438 4040 467 4079 δ
507 4038 750 4091 Cornelii.
810 4035 925 4088 Fuit
979 4037 1064 4088 hic
1120 4035 1400 4102 episcopus
1455 4034 1721 4088 Romanus
1774 4049 1803 4087 a
1853 4036 1938 4089 die

369 4120 554 4177 quarto
598 4106 794 4177 mensis
825 4103 965 4177 Junii
1008 4105 1138 4177 anui
1158 4103 1286 4167 251,
1319 4118 1437 4177 cum
1468 4104 1572 4157 duo
1604 4105 1745 4177 Deci_i
1788 4113 1939 4157 erant

368 4171 614 4231 consules
636 4219 649 4237 ,
683 4176 747 4230 ad
792 4190 880 4227 xiv
909 4175 1182 4242 Septemb.
1222 4174 1345 4225 anni
1382 4176 1675 4239 sequentis,
1706 4171 1855 4227 Gallo
1885 4183 1939 4227 et

375 4247 655 4301 Volusiano
701 4244 1024 4298 consulibus.
1078 4244 1229 4297 Baeda
1280 4243 1380 4295 hoc
1422 4242 1538 4295 loco
1579 4258 1643 4297 ex
1687 4246 1834 4298 Actis
1878 4244 1932 4298 S.

371 4318 599 4371 Cornelii
649 4315 807 4368 tradit
849 4315 905 4369 S.
954 4313 1253 4366 Cornelium
1304 4312 1402 4365 sub
1448 4312 1607 4364 Decio
1656 4313 1937 4379 plumbatis

372 4402 566 4441 caesum
597 4396 650 4439 et
679 4394 861 4451 postea
890 4382 1204 4435 decollatum
1235 4398 1246 4433 :
1280 4382 1393 4434 haec
1420 4390 1566 4435 certe
1595 4393 1779 4448 aperte
1810 4384 1934 4434 t‘alsa

372 4465 517 4518 sunt,
559 4464 611 4508 et
655 4470 683 4505 a
728 4452 953 4506 Baronio
1004 4453 1195 4504 frustra
1241 4457 1459 4514 tentata,
1499 4451 1588 4516 qui
1637 4452 1689 4503 in
1740 4460 1936 4504 textum

2036 3187 2157 3250 anni
2182 3204 2234 3249 et
2262 3195 2397 3259 quod
2428 3191 2660 3246 excurrit
2688 3187 2912 3259 spatium
2937 3193 3382 3259 ornaveraILeum
3410 3189 3603 3259 exorta

2034 3248 2327 3320 sub'Decio
2362 3248 2759 3330 persecutione,
2783 3257 3101 3330 adhlnonem
3123 3255 3185 3330 in
3224 3248 3378 3329 Circo
3407 3249 3603 3315 sepius

2036 3319 2251 3400 petitus,
2276 3319 2542 3387 secessum
2571 3319 2840 3400 qnarsivi_t.
2869 3323 3241 3400 Per‘secutioue
3268 3319 3436 3400 sopita
3462 3333 3603 3371 anno

2034 3389 2159 3470 .2351,
2192 3389 2405 3456 Umbris
2434 3389 2676 3470 egressus
2697 3409 2745 3451 et
2778 3394 3027 3470 Ecclesize
3052 3406 3162 3445 suae
3189 3389 3595 3470 redditttsksyn-

2035 3455 2202 3527 otium
2224 3455 2540 3539 Carthagine
2592 3468 2644 3539 in
2690 3480 2846 3520 causa
2891 3465 3157 3539 lapsorum
3189 3460 3389 3511 habuit.
3419 3455 3601 3537 Ortam

2034 3561 2172 3596 anno
2201 3543 2305 3595 ἓὸὸ
2351 3527 2723 3603 (Ιέιηψιὶεηιο
2773 3527 3601 3603 haereticorumcontroversiam

2035 3613 2331 3682 Cyprianus
2376 3596 2581 3662 concilii
2638 3599 3355 3682 Gartliaginiensis_decreto
3402 3596 3599 3682 sedare

2035 3666 2255 3736 conatus
2283 3688 2400 3743 est,
2432 3688 2666 3731 statuens
2699 3666 3064 3743 haereticorum
3108 3668 3371 3743 baptisma
3402 3666 3594 3717 invali-

2035 3753 2162 3806 dum
2192 3767 2253 3803 ac
2296 3737 2446 3816 plane
2479 3748 2677 3799 nullum
2707 3758 2849 3798 esse.
2892 3737 3394 3816 [unuscui-tentiam
3423 3750 3599 3816 syno-

2036 3805 2134 3875 dus
2163 3823 2221 3874 7I
2256 3805 2619 3886 episcoporum
2659 3828 2799 3886 anno
2829 3808 3066 3886 sequenti
3101 3806 3276 3886 habita
3316 3805 3602 3886 conﬁrma-

2036 3874 2129 3945 vit.
2162 3874 2300 3944 Cum.
2327 3874 2449 3940 vero
2478 3902 2580 3938 non
2613 3883 2784 3950 pauci,
2816 3897 2879 3934 ac
2907 3874 2959 3931 in
2992 3879 3055 3930 iis
3087 3875 3348 3950 prmcipue
3374 3874 3602 3950 Stepha-

2038 3943 2137 4013 nus
2176 3943 2456 4026 episc0pus
2489 3943 3407 4026 Romanus,__strenuehrest'terint,.
3428 3943 3604 4026 majus

2036 4041 2091 4086 et
2120 4013 2443 4096 frequentius
2465 4023 2759 4096 concilium
2779 4013 3011 4096 Kalend.
3043 4015 3314 4095 Septemb.
3336 4013 3601 4096 ejusdem

2038 4080 2500 4152 anni'convocavit
2528 4093 2856 4163 Cyprianus,
2902 4089 2952 4140 in
2984 4099 3089 4163 quo
3118 4083 3350 4163 episc0pi
3389 4080 3454 4133 37
3485 4080 3602 4163 sani:

2038 4151 2219 4237 I'ragiis
2268 4167 2379 4219 suis
2426 4151 2880 4237 prius:_'de_cretum
2924 4151 3461 4237 rolioraf'unt..Anno
3499 4151 3606 4204 9.57

2041 4221 2459 4305 persecutionem
2488 4234 2537 4283 in
2560 4230 2891 4305 Christianos
2914 4235 3089 4278 movet
3113 4222 3425 4305 Valerianus
3450 4221 3601 4285 imp.,

2038 4292 2248 4375 quando
2278 4304 2572 4372 Cyprianus
2613 4297 2949 4375 confessione
2988 4307 3166 4375 coram
3209 4292 3607 4375 IASpasiuiprp-

2040 4359 2261 4431 eonsule
2290 4359 2420 4427 faeta
2446 4374 2494 4423 in
2522 4369 2766 4423 exsilium
2791 4365 3036 4427 mittitur,
3062 4362 3300 4413 Curubas
3324 4359 3612 4431 provinciae

2045 4428 2342 4514 Letigitante
2390 4443 2651 4514 relegatus
2678 4478 2694 4504 ,
2738 4446 2792 4490 et
2848 4442 3280 4514 anno_sequeute
3319 4431 3385 4508 ab
3424 4428 3616 4514 exsilio

378 4496 517 4579 Decii
550 4538 741 4578 nomen
780 4523 1058 4589 irrepsisse
1089 4521 1230 4580 vult,
1275 4528 1333 4589 et
1356 4495 1469 4589 ejus
1972 4495 2019 4553 Ι)
2045 4495 2333 4569 Favimus"
2356 4495 2557 4589 capitis.
2597 4495 2910 4589 damnatur,
2967 4502 3047 4555 vir
3098 4495 3252 4589 plane
3282 4497 3571 4589 rmirabilis
3594 4535 3614 4557 ,

378 4595 739 4647 Volusiannm.
786 4587 913 4644 Nam
953 4605 1138 4643 omnes
1176 4589 1264 4641 alii
1310 4587 1450 4641 Decii
1495 4602 1683 4641 nomen
1730 4604 1942 4654 semper

379 4664 660 4729 praeferunt
681 4702 697 4729 ,
728 4661 865 4730 quod
896 4660 1053 4713 etiam
1084 4660 1134 4711 in
1164 4657 1417 4730 Breviarii
1450 4658 1941 4730 Romanilectioni-

380 4727 478 4787 hus
517 4727 785 4788 recitatur.
830 4733 960 4785 Acta
999 4730 1156 4797 igitur
1198 4727 1435 4795 martyrii
1476 4728 1769 4780 adulterina
1799 4737 1941 4780 sunt.

379 4802 563 4857 Gallus
585 4801 796 4870 quidem
824 4798 1126 4854 Cornelium
1157 4798 1221 4850 ad
1255 4797 1637 4870 Centumcellas
1666 4797 1942 4870 relegavit,

381 4873 553 4925 locum
582 4866 986 4940 perjucundum,
1006 4879 1062 4940 ut
1088 4877 1309 4940 testatur
1332 4866 1529 4940 Plinius
1547 4883 1560 4929 ;
1579 4875 1633 4940 et
1653 4868 1944 4919 assentien-

377 4945 502 4995 dum
527 4935 611 4995 est
630 4935 829 4993 auctori
860 4937 1201 4991 vetustissimi
1226 4935 1481 5003 Catalogi,
1502 4937 1589 5003 qui
1623 4948 1797 4987 narrat
1827 4952 1944 4988 eum

377 5010 755 5064 Centumcellis
805 5008 1177 5061 dormitionem
1236 5005 1529 5072 accepisse.
1588 5005 1662 5057 De
1720 5005 1948 5058 nefando

378 5080 665 5135 schiSmate
693 5078 846 5146 cujus
873 5076 1194 5130 Novatiauus
1226 5074 1634 5146 princepserat,
1656 5073 1851 5146 liomze
1880 5074 1945 5127 il-

381 5151 613 5219 legitime
651 5142 925 5219 ordinatus
965 5147 1268 5219 episcopus.
1308 5158 1433 5219 cum
1475 5142 1757 5219 Cornelius
1794 5154 1947 5195 antea

380 5212 499 5291 jn're
522 5220 684 5291 pleno
713 5218 913 5291 electus
942 5226 1114 5291 esset,
1146 5212 1265 5267 vide
1304 5212 1643 5291 S._Cypri-ani
1676 5212 1945 5280 epistolas.

452 5293 477 5322 ο
522 5280 689 5341 Verba
724 5286 914 5338 Eodem
944 5288 1042 5349 die,
1079 5295 1202 5345 etc.,
1235 5298 1344 5335 om.
1372 5282 1434 5334 Τ.
1466 5290 1515 5333 et
1549 5280 1605 5332 Β.
1841 5307 1843 5309 ι

451 5356 478 5394 ιι
516 5358 780 5427 Cypriani.
821 5355 1300 5427 Carthaginiensis,
1361 5351 1490 5427 artis
1536 5349 1781 5402 oratoria:
1818 5366 1949 5427 pro-

381 5420 613 5481 fessione
639 5427 789 5480 clari.
829 5425 922 5476 llic
960 5426 1111 5491 longe
1140 5424 1395 5488 majorem
1427 5420 1545 5491 vitm
1583 5430 1782 5486 partem
1817 5422 1953 5475 inter

382 5498 602 5557 gentiles
624 5496 932 5549 idololatrias
949 5488 1184 5547 assertor
1211 5490 1482 5557 transegit,
1502 5488 1668 5540 donec
1691 5491 1953 5543 mediante

382 5564 597 5618 Caecilio
627 5565 934 5631 presbytero
959 5557 1673 5631 Carthaginiensium?“
1701 5558 1766 5631 ad
1796 5559 1951 5631 Iidem

386 5635 578 5710 Christi
599 5627 834 5710 transiit.
866 5632 1105 5685 Exeunte
1132 5646 1269 5683 anno
1291 5627 1398 5708 24.7
1433 5627 1705 5695 presbyter
1729 5628 1954 5708 Cartha-

391 5701 643 5765 giniensis
691 5704 857 5754 Iactus
905 5710 1019 5764 est,
1071 5712 1313 5764 annoque
1362 5698 1703 5763 insequente,
1752 5707 1805 5748 et
1846 5697 1953 5764 jam

397 5768 610 5835 adulto,
653 5770 970 5837 el‘ﬂagitante
1004 5772 1154 5837 plebe
1182 5778 1236 5821 et
1268 5780 1402 5834 pene
1433 5766 1699 5830 rapiente,
1734 5766 1955 5834 ipsemet

2045 4568 2353 4639 Christiana:
2384 4568 2590 4647 pietatis
2620 4576 2791 4647 cultor
2820 4585 3084 4647 summus,
3109 4568 3401 4647 disciplina:
3416 4569 3612 4647 eccle-

2046 4637 2276 4708 siasticae
2307 4662 2361 4703 et
2385 4637 2707 4715 episcopalis
2739 4641 3227 4715 potestatisvindex
3260 4637 3575 4715 acerrimus.

2119 4733 2142 4760 ε
2179 4722 2375 4776 Crucis.
2423 4706 2643 4783 Quando
2692 4706 3321 4783 Ileracliusiimperator,
3371 4706 3616 4759 Chosroe

2047 4808 2170 4865 rege
2210 4778 2581 4852 devictofeam
2614 4783 2681 4837 de
2723 4782 2939 4836 Perside
2970 4778 3387 4845 Hierosolymam
3430 4790 3617 4843 repor-

2048 4865 2194 4915 tavit.

2123 4912 2503 4982 fﬂNicomcdis.
2536 4925 2721 4977 Romae
2755 4924 2835 4972 via
2870 4918 3195 4971 Nomentana
3228 4915 3284 4968 Β.
3311 4912 3620 4967 Nicomedis

2051 5001 2381 5069 presbyteri;
2410 4997 2497 5063 qui
2527 5010 2645 5047 cum
2678 4992 2877 5069 diceret
2907 4985 3341 5069 «impellentibus
3365 4997 3424 5034 se
3454 4985 3619 5062 sacri-

2054 5053 2255 5124 heare”:
2294 5086 2311 5119 ι
2352 5053 2456 5145 Ego
2480 5079 2589 5145 non
2623 5061 2864 5114 saerilico
2912 5058 3012 5135 nisi
3048 5057 3153 5134 Deo
3182 5053 3554 5145 omnipotenti,
3592 5068 3615 5102 ι

2052 5121 2659 5209 plumbatisdiutissime
2699 5143 2869 5209 caesus
2890 5167 2905 5189 ,
2924 5124 3179 5209 migravit
3202 5123 3272 5209 ad
3288 5121 3621 5202 "Dominum.

2053 5192 2180 5264 hcta
2209 5208 2309 5262 SS.
2343 5207 2392 5257 in
2422 5204 2550 5256 actis
2582 5200 2732 5253 Nerei
2764 5209 2816 5251 et
2846 5195 3076 5264 Achillei
3099 5208 3167 5245 xtt
3200 5192 3339 5264 hlaii.

2123 5287 2148 5325 8
2196 5275 2478 5329 Valeriani.
2528 5272 2585 5324 In
2630 5268 2894 5321 territorio
2935 5262 3396 5321 Cabilonensium.
3441 5269 3623 5329 castro

2054 5328 2359 5402 Trenortio.
2390 5343 2483 5394 Hic
2513 5354 2645 5392 unus
2674 5337 2771 5389 fuit
2788 5351 2852 5389 ex
2884 5346 3104 5385 numero
3125 5340 3435 5402 sanctorum
3464 5328 3621 5402 quin-

2055 5398 2298 5486 quaginta
2342 5413 2428 5481 qui
2472 5408 2797 5486 Iemporibns
2836 5399 3245 5486 AtllOIIillinv?:'i
3292 5398 3621 5486 Lugduni-in

2057 5467 2323 5540 eargerem
2357 5467 2485 5532 ἴτυςὶ
2514 5467 2670 5540 sunt,
2706 5476 2897 5541 quique
2926 5486 3044 5525 cum
3082 5470 3142 5522 Β.
3175 5467 3441 5541 Marcello,
3476 5476 3623 5527 pate-

2243 5550 2499 5607 custodite
2524 5537 2773 5601 divinitus
2812 5537 3076 5599 claustris,
3116 5538 3337 5610 aufugit.
3382 5537 3627 5610 Cumtu

2057 5606 2138 5680 id
2168 5606 2442 5690 praefatum
2489 5627 2719 5690 castrum
2767 5612 3117 5690 pervenisset,
3164 5617 3218 5689 et
3258 5607 3462 5688 Domini
3494 5606 3622 5657 Jesu

2058 5676 2254 5748 Christi
2288 5704 2477 5743 nomen
2521 5676 2837 5753 prmdicat‘is,
2868 5678 3121 5750 plurimos
3164 5678 3277 5753 ipso
3309 5676 3619 5753 inspirante,

2063 5745 2271 5830 adi—ejus
2304 5758 2457 5813 Iidem
2485 5745 3175 5812 convertisset[revertenti
3208 5747 3275 5800 ab
3306 5748 3437 5801 urbe
3466 5745 3599 5797 Cabi
