4022 6200
399 392 542 450 10ιὸ

1537 396 1729 453 SECT.
1770 397 1836 453 ll.
1878 428 1947 441 —-
1986 399 2548 457 MARTYROLOGIA.

3519 398 3658 453 l048

1653 507 1876 562 EDlTlO
1923 508 2383 566 COLONIENSIS.

381 605 483 652 ett:
508 593 724 665 virginis
765 594 1032 662 Felicula,
1059 609 1215 663 quam
1242 596 1355 664 ipse
1397 610 1494 664 pro
1521 596 1733 653 Christo
1783 598 1971 667 punie-
2001 603 2044 659 Δ
2076 611 2251 654 menta
2286 608 2544 666 rotarum,
2578 598 2728 671 ignes
2771 606 2828 654 et
2871 598 3101 668 pondera
3153 599 3383 668 lapidum
3429 601 3647 670 angula-

382 696 487 750 rat,
514 686 809 754 sepelisset,
839 685 995 754 jussit
1022 686 1140 739 duci
1167 685 1231 739 ad
1267 686 1692 742 sacrificandum.
1725 690 1841 757 Quo
1874 705 1962 744 re-

384 787 600 844 nuente,
641 776 922 844 plumbatis
953 776 1245 831 diutissime
1274 791 1443 832 caesus
1487 780 1732 849 migravit
1758 781 1822 834 ad
1856 780 1960 834 Dos

383 870 609 923 minttm.
663 867 826 936 Cujus
867 882 1058 936 corpus
1104 868 1157 922 in
1198 868 1431 923 Tiberim
1470 871 1710 938 jactavit,
1750 872 1887 940 quod
1935 887 1964 925 a

382 961 580 1015 clerico
610 961 794 1028 ipsius,
825 962 1037 1014 nomine
1065 959 1239 1025 Justo,
1267 971 1347 1016 est
1376 963 1674 1027 collectum,
1706 972 1759 1017 et
1786 962 1965 1031 sepul-

385 1060 493 1104 tum
520 1050 670 1118 juxta
702 1065 879 1105 muros
913 1053 995 1103 via
1026 1051 1375 1106 Nomentana.
1410 1051 1745 1107 Cabilonensi
1790 1063 1967 1105 castro

381 1140 672 1195 Trenorcio
719 1144 886 1196 sancti
929 1141 1187 1196 Valeriani
1255 1145 1534 1212 martyris,
1584 1144 1683 1197 sub
1744 1143 1967 1211 praeside

384 1233 585 1298 Prisco,
609 1249 766 1303 quem
791 1236 951 1304 jussit
973 1236 1245 1305 suspendi,
1271 1251 1333 1291 ac
1359 1236 1504 1307 gravi
1536 1237 1849 1305 ungularum
1884 1235 1963 1288 la-

380 1325 651 1379 ceratione
674 1326 922 1387 cruciari,
974 1341 1038 1379 ac
1074 1326 1267 1382 deinde
1316 1327 1487 1395 gladio
1519 1327 1741 1393 percuti.
1775 1326 1839 1378 Et
1867 1340 1965 1378 na-

382 1415 490 1468 tale
517 1414 687 1470 sancti
718 1416 843 1483 Apri
883 1416 1137 1484 episcopi,
1171 1426 1225 1470 et
1254 1416 1421 1470 sancti
1453 1416 1667 1469 Leohini
1697 1415 1965 1469 confesso-

382 1507 476 1560 ris.
507 1505 562 1558 ιη
602 1504 919 1560 Alexandria
949 1516 1255 1562 sanctorum
1288 1508 1615 1577 Serapionis,
1649 1506 1872 1561 Leontii.
1908 1506 1963 1563 In

380 1597 515 1669 Cyra
546 1598 764 1654 Galatia
790 1600 957 1655 sancti
989 1601 1185 1665 Eleuci,
1217 1600 1409 1655 Valerii
1439 1610 1491 1655 et
1516 1599 1783 1670 Cyrioois,
1815 1598 1968 1655 Stra-

382 1692 541 1755 tonis,
568 1692 813 1745 Macrobii
842 1703 895 1745 et
919 1692 1237 1747 Constantii.
1264 1693 1318 1746 ln
1352 1692 1557 1763 Ancyra
1602 1692 1768 1745 sancti
1818 1691 1964 1745 Pauli

378 1783 633 1852 episcopi.
679 1783 934 1852 Lugduno
972 1784 1233 1851 depositio
1284 1784 1461 1838 Albini
1507 1784 1766 1853 episcopi,
1796 1792 1851 1839 et
1876 1798 1964 1839 oc-

382 1885 498 1930 tava
524 1874 715 1927 natalis
742 1885 940 1927 sancta!
970 1874 1145 1928 Mariae
1176 1874 1416 1943 virginis.

2070 693 2227 757 rium,
2267 691 2461 746 bestias
2500 700 2555 745 et
2603 692 2780 758 plagas
2808 691 3097 759 virgarum,
3153 703 3331 744 serras
3378 700 3559 744 acutas
3600 700 3659 744 et

2070 784 2361 851 sartagines
2389 782 2578 850 ignitas
2607 780 2749 834 vicit.
2785 781 2838 834 ln
2868 782 3050 834 ultimo
3081 790 3264 834 sancta
3296 782 3443 849 virgo
3487 781 3654 847 preci-

2070 873 2167 927 bus
2198 875 2445 937 obtinuit,
2479 883 2529 926 ut
2559 888 2658 926 una
2689 888 2751 927 ex
2783 872 2968 926 bestiis
3000 886 3236 926 morsum
3260 873 3359 926 sibi
3388 872 3652 940 infigeret,

2068 962 2219 1015 et-ita
2249 961 2644 1016 immaculatum
2672 962 2914 1030 spiritum
2952 961 3181 1015 Domino
3208 961 3457 1016 reddidit.
3489 960 3653 1031 Cujus

2070 1070 2261 1123 corpus
2286 1057 2673 1124 Pbilophronus
2715 1067 2862 1125 pater
2889 1056 3025 1123 ejus,
3072 1066 3124 1111 et
3151 1056 3433 1111 Theodora
3485 1066 3653 1108 mater

2068 1145 2184 1214 ejus
2211 1158 2450 1200 curatum
2474 1147 2815 1214 sepelierunt,
2840 1149 2987 1215 quasi
3010 1147 3153 1200 mille
3177 1161 3362 1213 passus
3383 1161 3412 1198 a
3440 1146 3653 1201 civitate

2070 1235 2426 1289 Chalcedona.
2472 1235 2653 1288 Romae
2686 1244 2987 1288 sanctorum
3017 1236 3189 1289 Luciae
3230 1246 3278 1289 et
3327 1235 3650 1299 Geminiani,

2069 1325 2393 1394 imperatore
2424 1325 2769 1389 Diocletiano,
2795 1323 3059 1395 judicibus
3086 1325 3368 1393 Apofrasio
3397 1335 3450 1379 et
3478 1326 3649 1394 Mega-

2069 1416 2167 1469 sio.
2202 1416 2659 1470 .‘llanseratautem
2696 1418 2845 1470 beata
2876 1414 3036 1469 Lucia
3088 1416 3137 1469 in
3188 1415 3442 1472 viduitate
3483 1430 3649 1470 annos

2071 1505 2280 1574 triginta
2312 1519 2404 1560 sex
2430 1523 2445 1570 ;
2478 1507 2638 1560 t0tius
2667 1506 2808 1559 enim
2834 1506 2953 1559 vita:
2979 1519 3091 1558 sum
3113 1506 3235 1559 anni
3266 1506 3413 1560 fuere
3438 1515 3649 1573 septua-

2068 1596 2207 1664 ginta
2239 1596 2491 1665 quinque.
2537 1596 2668 1663 Qum
2699 1603 2945 1649 accusata
2987 1609 3015 1646 a
3069 1595 3178 1648 lilio
3206 1609 3304 1649 suo
3334 1595 3473 1664 quod
3505 1594 3649 1649 ebri-

2067 1687 2235 1742 stiana
2262 1687 2485 1749 viveret,
2521 1688 2689 1753 primo
2720 1686 2771 1739 in
2793 1698 3059 1739 carcerein
3085 1686 3241 1739 missa
3271 1692 3376 1749 est,
3405 1684 3493 1738 ubi
3520 1699 3647 1739 con-

2067 1779 2376 1832 solationem
2434 1778 2668 1831 divinam
2719 1776 3043 1843 promeruit;
3090 1777 3213 1829 dein
3259 1774 3485 1830 fustibus
3532 1775 3647 1829 diu-

2069 1870 2271 1923 tissime
2298 1882 2456 1933 exesa,
2489 1878 2543 1923 et
2563 1868 2739 1922 subito
2779 1877 2935 1921 terra:
2974 1878 3146 1921 motus
3191 1867 3359 1921 laetus
3406 1876 3489 1920 est
3534 1882 3649 1920 ma-

457 1962 521 2017 G.
548 1962 661 2018 XVI
688 1964 927 2018 Knaso.
974 1964 1105 2019 Ocr.
1135 1994 1206 2005 —-
1241 1934 1422 2017 [δελπηιξ
1465 1974 1659 2018 sancite
1712 1934 1960 2018 Euiemiae
1996 1950 2041 2009 Β
2069 1976 2227 2029 gnus,
2262 1968 2316 2013 et
2345 1959 2594 2027 templum
2622 1957 2767 2011 Jovis
2817 1955 2885 2009 ita
2924 1958 3224 2023 subrutum,
3277 1965 3332 2011 ut
3379 1971 3476 2011 nec
3520 1956 3652 2025 lapis

378 2054 619 2122 virginis,
643 2069 757 2123 qum
787 2054 1127 2124 martyrizata
1174 2063 1255 2107 est
1296 2053 1394 2106 sub
1423 2052 1750 2107 Diocletiano
1791 2054 1960 2121 impe-

379 2154 575 2208 ratore,
605 2143 925 2212 proconsule
955 2152 1130 2197 autem
1165 2143 1366 2208 Prisco,
1400 2146 1450 2197 in
1481 2145 1695 2197 civitate
1735 2144 1958 2199 Chalce-

379 2236 539 2290 dona.
578 2235 707 2301 Quae
749 2243 1009 2289 tormenta
1054 2244 1107 2288 et
1146 2248 1410 2303 carceres,
1442 2234 1666 2288 verbera
1707 2243 1762 2287 et
1807 2249 1961 2304 argu-

2069 2064 2227 2119 super
2279 2051 2503 2121 lapidem
2552 2058 2871 2104 remaneret.
2926 2048 3075 2102 'l‘unc
3133 2050 3183 2102 in
3236 2050 3395 2104 ollam
3454 2064 3648 2104 aiream

2071 2143 2229 2197 missa
2271 2152 2373 2206 est,
2419 2143 2533 2211 pice
2560 2150 2611 2195 et
2652 2140 2868 2209 plumbo
2914 2140 3229 2207 ferventem,
3260 2140 3345 2193 ubi
3389 2140 3561 2194 triduo
3594 2141 3653 2194 il-

2070 2235 2196 2289 laesa
2242 2233 2549 2302 permansit.
2584 2230 2770 2287 Postea
2812 2231 3031 2301 plumbo
3071 2239 3125 2285 et
3152 2230 3289 2286 ferro
3319 2241 3556 2295 onerata,
3591 2241 3646 2286 et

1618 2347 1850 2400 EDITIO
1892 2344 2396 2399 BOLLANDIANA.

376 2438 438 2495 S.
475 2445 501 2473 ι
532 2437 658 2506 Apri
692 2436 924 2505 episcopi
960 2454 970 2488 :
1005 2437 1071 2489 A.
1100 2445 1153 2490 et
1182 2435 1245 2489 Τ.
1280 2435 1633 2502 praemittunt,
1665 2434 1716 2488 In
1744 2436 1958 2488 civitate

372 2531 551 2586 Tullo.
603 2531 660 2585 Β.
712 2544 839 2585 vero
886 2548 899 2582 :
951 2529 1006 2582 In
1058 2529 1327 2583 territorio
1374 2529 1727 2583 Cavillonensi
1776 2538 1953 2582 castro

372 2622 712 2677 Trinorchio.
760 2622 824 2675 Et
854 2620 882 2658 ι’
915 2621 1137 2676 Leobini
1180 2620 1523 2675 confessoris.
1575 2621 1774 2675 Desunt
1818 2620 1959 2687 Aper

372 2725 429 2771 et
460 2715 721 2770 Leobinus
751 2714 803 2767 in
833 2713 894 2768 L.

446 2804 511 2858 A.
541 2803 632 2866 'l'.,
676 2803 934 2869 Belvagus
979 2802 1255 2857 translatio
1285 2801 1524 2869 corporis
1563 2800 1622 2853 S.
1656 2804 1677 2831 "
1709 2799 1952 2854 Luciani.

378 2875 580 2928 Eodem
628 2874 714 2926 die
738 2872 998 2936 depositio
1035 2874 1093 2926 S.
1125 2874 1150 2908 ά
1186 2873 1391 2926 Aicadri
1424 2872 1628 2923 abbatis
1651 2914 1663 2933 ,
1694 2871 1781 2936 qui
1815 2879 1863 2922 et
1901 2870 1952 2922 in

377 2943 437 2998 L.
470 2943 753 2996 invenitur.
783 2940 870 3007 B.,
903 2943 954 2993 In
988 2942 1303 2995 Alexandria
1332 2940 1504 2995 natale
1536 2940 1690 2994 trium
1721 2940 1945 2994 fratrum

376 3013 578 3084 Cyrini,
614 3012 813 3065 Leontii
844 3022 896 3064 et
924 3011 1251 3080 Serapionis.

445 3103 531 3156 16.
555 3131 628 3143 --
660 3099 777 3156 XVI
816 3101 949 3156 ΚΑι..
992 3101 1179 3157 Natale
1217 3103 1272 3156 S.
1308 3111 1331 3139 ε
1365 3101 1671 3170 Euphemiae
1712 3100 1951 3170 virginis,

371 3210 490 3265 quae
532 3195 890 3266 martyrizavit
933 3193 1032 3247 sub
1072 3193 1401 3247 Diocletiano
1441 3193 1785 3262 imperatore,
1831 3207 1950 3262 pro.

372 3284 595 3341 consule
632 3280 809 3339 autem
853 3282 1057 3349 Prisco,
1101 3284 1151 3337 in
1193 3282 1407 3338 civitate
1445 3282 1762 3337 Calcedonia
1794 3299 1806 3334 :
1838 3296 1955 3352 quae

2070 2443 2329 2488 tormenta
2373 2443 2427 2488 et
2466 2449 2731 2499 carceres,
2776 2435 2993 2490 verbera
3041 2445 3096 2490 et
3141 2444 3447 2505 argumenta
3496 2448 3642 2490 rom-

2068 2539 2181 2577 rum
2204 2564 2218 2587 ,
2250 2524 2398 2592 ignes
2427 2534 2479 2578 et
2505 2526 2737 2593 pondera
2781 2525 3013 2593 lapidum
3044 2526 3372 2593 angularium
3395 2567 3410 2591 ,
3444 2525 3643 2579 bestias

2065 2621 2121 2667 et
2143 2614 2320 2667 clavas
2353 2614 2646 2683 virgarum,
2676 2629 2853 2669 scrras
2882 2624 3065 2669 acutas
3093 2624 3147 2668 et
3175 2616 3470 2685 sartagines
3501 2615 3642 2685 igni-

2067 2715 2168 2771 tas,
2201 2721 2415 2760 rursum
2440 2722 2671 2761 morsum
2703 2708 2883 2761 bestia:
2914 2722 3008 2775 pro
3033 2707 3244 2762 Christo
3270 2708 3558 2775 superavit,
3590 2716 3647 2764 et

2065 2800 2130 2854 ad
2180 2799 2325 2855 mille
2369 2814 2554 2869 passus
2598 2800 2830 2854 civitatis
2875 2799 3191 2855 Calcedonis
3236 2803 3445 2868 sepulta
3488 2810 3569 2855 est
3612 2818 3642 2855 α

2058 2899 2207 2959 patre
2236 2907 2335 2945 suo
2365 2892 2786 2960 Philosopbrone
2817 2892 2933 2963 [D.,
2962 2890 3343 2964 Philophrone]
3370 2904 3645 2948 senatore.

2057 2982 2177 3050 Ipso
2205 2982 2293 3036 die
2319 2984 2508 3037 natalis
2538 2992 2840 3038 sanctorum
2874 2982 2890 3022 ί
2922 2984 3096 3039 Luciaa
3121 2983 3237 3055 [B.,
3271 2983 3438 3055 Lucii]
3461 2998 3509 3039 et
3535 2984 3642 3040 Ge-

2059 3074 2298 3128 miniani.

2129 3187 2192 3239 C.
2224 3187 2280 3240 B.
2313 3185 2403 3249 Ἴ..
2443 3186 2506 3240 Et
2544 3188 2667 3241 alibi
2706 3188 2761 3240 S.
2792 3197 2815 3235 κ
2854 3186 3240 3243 Emerentiante
3272 3188 3352 3242 vel
3385 3188 3639 3243 Emcren-

2063 3256 2220 3312 tianis
2250 3258 2331 3312 vel
2360 3258 2808 3313 Emerentianitis.

1757 3406 1965 3462 SMITII
2007 3406 2238 3463 NOTAE.

374 3506 708 3575 lonensium,
734 3506 821 3559 ubi
853 3504 1063 3559 Priscus
1095 3504 1154 3561 Β.
1184 3502 1485 3575 Marcellum
1517 3512 1804 3575 martyrem
1848 3521 1941 3561 ne-

372 3586 586 3631 caverat
616 3572 709 3643 pro
735 3575 930 3629 Christi
964 3575 1207 3639 nomine,
1260 3572 1472 3640 βψωδὶάί
1516 3572 1697 3627 Prisco
1727 3575 1939 3629 delatus

373 3656 475 3701 est.
506 3647 673 3711 Quem
719 3645 806 3699 ille
839 3645 1061 3712 primum
1110 3645 1264 3698 minis
1308 3644 1550 3711 frangere
1578 3653 1800 3696 conatus
1829 3656 1936 3707 est,

372 3716 567 3769 deinde
594 3729 909 3783 suspensum
950 3726 1001 3768 et
1042 3716 1356 3783 ungularum
1392 3713 1709 3767 laceratione
1736 3716 1941 3767 crucia-

375 3796 485 3840 tum
517 3785 729 3838 tandem
756 3784 928 3853 gladio
958 3786 1299 3837 animadverti
1336 3784 1475 3838 fecit.
1511 3786 1644 3853 Atio.

443 3864 470 3890 ⁸
511 3855 654 3923 Apri.
700 3852 917 3906 Ponitur
964 3855 1047 3907 hic
1089 3854 1343 3919 septimus
1387 3854 1574 3907 ordine
1622 3852 1671 3905 in
1718 3852 1938 3907 Tabulis

369 3925 739 3991 episcoporum
774 3923 1094 3977 Tullonsiutn
1117 3967 1130 3988 ,
1161 3939 1291 3991 quas
1328 3923 1611 3991 descripsit
1644 3923 1937 3976 Democha-

372 4009 478 4047 res.
515 3994 608 4046 llic
646 4008 707 4045 ex
738 3991 1005 4045 causidico
1034 3994 1352 4055 monachus,
1384 4002 1438 4045 et
1466 4008 1528 4046 ex
1562 3993 1822 4046 monacho
1853 4002 1936 4046 e~t

371 4064 539 4116 factus
568 4065 873 4131 episcopus.
896 4061 968 4115 De
988 4076 1091 4130 quo
1121 4062 1371 4115 Paulinus
1396 4062 1625 4116 Nolanus
1655 4063 1814 4131 epist.
1843 4063 1931 4125 50,

367 4131 457 4195 51,
489 4132 578 4197 52,
608 4132 659 4185 in
690 4132 823 4184 Bibl.
856 4130 1089 4184 Patrum.

439 4201 465 4239 ιι
505 4200 735 4256 Leobini.
785 4201 1015 4253 Primum
1047 4201 1097 4254 in
1127 4201 1449 4256 monasterio
1489 4201 1790 4256 Miciacensi
1822 4217 1935 4255 mo-

370 4271 571 4324 nachus
600 4273 749 4341 vixit.
793 4269 943 4335 Quod
988 4279 1105 4338 post
1134 4281 1255 4325 octo
1282 4285 1449 4325 annos
1492 4271 1800 4341 relinquens
1832 4270 1937 4326 Ga-

368 4344 636 4396 valeusem
667 4340 848 4392 urbem
894 4341 1142 4407 expetiit,
1191 4342 1279 4395 uhi
1310 4343 1376 4395 ab
1422 4341 1619 4394 llilario
1660 4342 1777 4409 ejus
1818 4343 1934 4410 epi-

364 4427 529 4478 scopo
552 4410 953 4464 sacerdmaliter
981 4420 1259 4477 susceptus
1288 4419 1365 4463 est
1389 4427 1403 4475 ;
1439 4410 1559 4462 inde
1592 4412 1845 4465 recedens
1867 4411 1932 4464 ad

364 4482 425 4534 Β.
458 4480 659 4546 Lupum
691 4495 750 4532 se
774 4479 1016 4534 contulit.
1044 4488 1099 4531 et
1125 4495 1243 4532 cum
1274 4495 1339 4533 eo
1370 4495 1462 4545 per
1491 4481 1750 4547 integrum
1779 4482 1932 4547 quin.

360 4528 648 4671 quennium
672 4551 722 4601 in
743 4550 933 4603 eodem
956 4549 1199 4602 coenobio
1220 4528 1575 4602 commoratus
1600 4528 1700 4601 ἵει.
1728 4528 1931 4604 Ιηῖθτέθ
1963 4528 2015 4587 Ῑ)

404 4637 488 4671 nm
518 4619 709 4671 Franci
744 4620 882 4671 bella
910 4628 1091 4670 contra
1126 4620 1523 4671 Burgundiones
1551 4619 1850 4671 concitant.
1881 4628 1935 4671 et

404 4637 488 4673 nm
518 4619 709 4674 Franci
744 4620 882 4672 bella
910 4628 1091 4670 contra
1126 4620 1523 4687 Burgundimies
1551 4619 1850 4683 concitant,
1881 4628 1935 4673 et

359 4688 477 4758 ejus
507 4690 737 4743 cmnobii
771 4688 1016 4741 monachi
1063 4688 1299 4757 fugiunt,
1334 4690 1447 4755 ipse
1475 4704 1595 4742 cum
1628 4704 1732 4740 uno
1773 4689 1936 4745 fratre

356 4774 486 4814 sene
515 4761 661 4811 solus
690 4759 904 4812 relictus
931 4769 1032 4824 est,
1061 4769 1113 4813 et
1143 4774 1171 4811 a
1205 4759 1466 4822 barbaris,
1498 4759 1617 4826 quia
1649 4758 1819 4812 noluit
1850 4775 1934 4813 res

359 4828 669 4881 monasterii
704 4832 962 4894 pandere,
998 4828 1191 4881 misere
1216 4828 1500 4881 cruciatus.
1536 4828 1625 4880 llis
1656 4842 1782 4881 vero
1810 4844 1934 4893 sup-

356 4899 532 4967 pliciis
556 4910 767 4965 i-reptus
797 4914 916 4950 cum
954 4899 1206 4950 Eulronio
1235 4908 1287 4951 et
1314 4899 1531 4950 ltitSIico
1558 4898 1613 4950 Β.
1641 4897 1850 4951 Axitutn
1879 4899 1932 4951 in

356 4969 547 5022 Pcrtici
588 4968 874 5022 solitudine
904 4974 1318 5020 commorantetn
1363 4969 1525 5029 adiit,
1576 4968 1666 5034 qui
1708 4982 1800 5021 eos
1841 4983 1933 5021 su-

352 5039 559 5103 scepit,
595 5038 996 5104 Leohinnmque
1025 5037 1225 5089 cellarii
1272 5038 1506 5104 praefecit
1533 5037 1734 5091 oflicio.
1784 5043 1824 5090 Α
1873 5038 1931 5092 S.

356 5107 606 5162 [Etherio
635 5107 886 5175 episcopo
930 5119 1108 5174 poetca
1149 5117 1428 5171 provectus
1469 5118 1549 5160 est
1579 5107 1643 5158 ad
1683 5108 1931 5161 diacona-

354 5188 487 5238 tum,
520 5176 713 5229 deinde
746 5177 991 5229 fratribus
1022 5175 1347 5243 Brajacensis
1381 5176 1686 5230 monasterii
1719 5190 1932 5243 praepo-

352 5248 513 5300 litus.
568 5246 727 5299 Beato
774 5258 950 5298 autem
1004 5245 1243 5299 {Etherio
1293 5246 1606 5301 Carnotensi
1660 5249 1932 5310 tleluttt'to,

356 5315 625 5370 Leobinus
668 5316 741 5368 illi
788 5321 988 5370 electus
1031 5325 1111 5369 est
1158 5318 1207 5367 in
1254 5330 1651 5380 successorem;
1700 5317 1933 5382 denique

357 5396 481 5454 post
510 5385 650 5440 facta
693 5387 947 5439 miracula
991 5402 1093 5438 non
1139 5400 1299 5452 patlt'n
1331 5388 1461 5438 obiit
1491 5396 1543 5437 et
1582 5384 1819 5451 sepultus
1851 5396 1932 5437 est

354 5457 409 5510 in
451 5456 661 5509 basilica
694 5455 753 5511 S.
796 5455 1023 5509 Martini.
1060 5455 1187 5507 Vide
1214 5456 1331 5523 ejus
1366 5456 1533 5508 Vitam
1566 5456 1761 5506 editam
1792 5455 1929 5518 apud

358 5524 500 5579 Phil.
532 5527 743 5579 Labbzci
779 5535 907 5579 lunt.
941 5526 980 5577 ll
1014 5525 1143 5578 Bibl.
1176 5524 1330 5588 Nov.,
1365 5541 1416 5592 p.
1447 5525 1569 5579 582.
1601 5523 1929 5576 (Ibildeberti

352 5594 681 5648 Francorum
695 5597 831 5655 regis
847 5608 947 5647 tem
957 5595 1168 5663 poribus
1181 5595 1626 5661 claruit,obiitque
1647 5608 1785 5645 anno
1804 5592 1927 5663 5.57.

356 5665 627 5718 Prior-atus
656 5666 718 5716 de
748 5665 799 5717 la
842 5662 1016 5734 Veyre,
1051 5679 1104 5718 et
1132 5668 1351 5718 ecclesia
1388 5663 1802 5734 parochialisde
1830 5662 1932 5717 Pa-

522 5736 574 5787 in
603 5735 822 5855 d7ioe'cesi
864 5732 1179 5790 l‘ictavicnsi
1222 5750 1342 5789 eum
1388 5742 1666 5803 patronum
1710 5732 1925 5788 habent.

414 5823 425 5858 ι
470 5843 507 5859 ..
544 5818 594 5859 ι).
659 5806 749 5859 5-.

414 5806 507 5870 id.,
543 5818 594 5873 p.
624 5806 749 5859 750.

2124 3514 2145 3542 ε
2190 3504 2424 3560 Luciani.
2461 3506 2624 3575 llujus
2652 3505 2765 3561 dies
2794 3505 2986 3560 natalis
3024 3518 3184 3574 supra
3214 3505 3515 3561 celebratur
3545 3507 3631 3561 dio

2048 3591 2215 3631 xxvnt
2246 3576 2506 3629 Januarii.

2116 3645 2142 3683 ά
2184 3646 2407 3699 Aicadri.
2450 3644 2545 3698 llic
2590 3644 2723 3697 obiit
2774 3657 2915 3701 anno
2963 3658 3084 3698 tera:
3135 3645 3451 3699 Christianae
3498 3646 3624 3701 687.

2046 3715 2172 3769 Nam
2200 3716 2258 3770 S.
2286 3715 2542 3769 Aicadrus
2574 3712 2806 3767 triennio
2836 3724 3107 3779 superstes
3134 3715 3229 3768 fuit
3256 3716 3312 3769 Β.
3340 3714 3612 3779 Filiberto,

2044 3796 2099 3839 ut
2129 3794 2273 3852 patet
2300 3800 2360 3838 ex
2394 3783 2543 3836 initio
2571 3784 2739 3836 ultimi
2772 3784 2961 3850 capitis
2991 3783 3120 3838 Vita:
3150 3784 3208 3840 S.
3248 3784 3455 3839 Aicadri
3481 3788 3618 3853 apud

2042 3855 2326 3908 Mabillonii
2368 3869 2492 3908 saac.
2536 3868 2570 3907 Il
2601 3855 2718 3907 Act.
2751 3854 2903 3915 Ben.,
2947 3869 3103 3921 quem
3135 3870 3274 3908 anno
3300 3855 3406 3909 684
3435 3857 3612 3910 deces-

2039 3926 2174 3979 sisse
2214 3932 2417 3979 Certum
2459 3932 2557 3977 est.
2608 3923 2738 3977 Cum
2780 3938 2906 3993 ergo
2948 3925 3203 3977 Aicadrus
3242 3924 3430 3979 vixerit
3468 3926 3624 3980 annis

2039 3997 2206 4049 tribus
2250 4002 2304 4048 et
2351 3994 2646 4061 sexaginta,
2699 4004 2854 4046 natus
2903 4010 3043 4048 anno
3084 3996 3186 4049 624
3216 3996 3475 4051 dicendus
3516 4005 3619 4050 est.

2045 4064 2245 4119 Deinde
2292 4064 2587 4117 duodennis
2633 4065 2857 4118 secessit
2901 4065 2951 4117 in
3000 4068 3377 4120 monasterium
3427 4065 3619 4120 Ansio-

2044 4150 2208 4191 nense
2238 4150 2378 4188 anno
2421 4132 2546 4198 656,
2592 4143 2775 4202 postea
2820 4134 3130 4188 tricenar‘us
3172 4136 3409 4189 condidit
3446 4138 3617 4190 eccle-

2044 4206 2174 4258 siam
2207 4204 2641 4269 Quinciacensem
2672 4218 2812 4272 anno
2838 4206 2964 4259 654.
3014 4203 3109 4258 Ubi
3158 4216 3435 4272 postquam
3471 4206 3623 4259 annis

2042 4275 2248 4342 aliquot
2280 4274 2517 4342 praefuit,
2559 4288 2587 4325 a
2635 4273 2694 4325 Β.
2733 4271 2983 4326 Filiberto
3010 4271 3372 4327 circa’annum
3403 4274 3507 4327 670
3535 4274 3619 4328 di—

2044 4354 2223 4399 rectus
2253 4353 2335 4397 est
2361 4347 2413 4396 in
2444 4343 2826 4396 monasterium
2858 4343 3247 4407 Gemeticense,
3280 4345 3420 4410 quod
3453 4360 3637 4410 usque

2042 4414 2106 4467 ad
2143 4414 2343 4467 obitum
2385 4428 2537 4466 suum
2581 4413 2738 4466 rexit.
2772 4412 2831 4467 S.
2862 4413 3073 4467 Aicadri
3117 4428 3309 4471 corpus
3356 4428 3459 4467 una
3498 4428 3621 4468 eum

2045 4485 2102 4536 Β.
2142 4484 2377 4551 llugonis
2410 4483 2851 4549 Rothomagensis
2880 4484 3118 4551 reliquiis
3156 4483 3225 4537 ob
3266 4482 3620 4536 Nortmanno-

2040 4570 2154 4606 rum
2188 4556 2549 4607 infestationes
2581 4555 2892 4605 translatum
2920 4565 3003 4608 est
3028 4556 3091 4606 ad
3125 4554 3302 4605 villain
3335 4552 3615 4621 Hasprum,

2042 4625 2211 4692 inquit
2267 4624 2569 4677 Baldericus
2619 4623 2675 4677 in
2728 4622 2931 4676 Chron.
2989 4622 3265 4676 Camerac.
3323 4631 3377 4676 et
3429 4625 3615 4679 Atreb.

2038 4693 2130 4747 lib.
2166 4710 2223 4755 tt,
2253 4709 2370 4760 cap.
2402 4694 2493 4748 ‘29.
2850 4728 2855 4731 ‹

2114 4772 2136 4798 ο
2180 4763 2495 4831 Euphemiw.
2548 4761 2672 4831 Ejus
2702 4763 2831 4816 Acta
2881 4776 2948 4818 ex
2990 4761 3211 4817 vetustis
3260 4764 3619 4818 monumentis

2036 4833 2223 4888 Surius
2255 4830 2422 4886 edidit
2452 4840 2583 4884 tom.
2612 4830 2683 4885 ν.

2114 4901 2132 4939 ί
2175 4902 2365 4955 Luciw.
2393 4901 2519 4968 Quae
2548 4916 2666 4954 cum
2690 4902 2759 4957 56
2782 4900 2932 4955 annis
2958 4900 3008 4955 in
3042 4900 3289 4955 laudabili
3317 4902 3615 4967 virginitate

2038 4971 2148 5025 Deo
2187 4971 2437 5035 serviret,
2483 4979 2727 5025 accusata
2759 4980 2841 5025 est
2884 4986 2910 5021 a
2947 4972 3052 5024 tilio
3091 4984 3190 5024 suo
3236 4973 3518 5039 Euprepio,
3561 4984 3616 5026 et

2036 5052 2218 5095 coacta
2271 5051 2324 5093 ut
2376 5042 2530 5095 idolis
2577 5056 2724 5095 sacra
2770 5042 2987 5105 faceret,
3038 5042 3359 5107 imperatore
3407 5042 3613 5095 Diocle-

2037 5114 2201 5175 tiano,
2240 5111 2506 5179 judicibus
2538 5110 2814 5179 Apofrasio
2855 5120 2906 5165 et
2952 5111 3201 5179 Megasio.
3243 5111 3391 5177 Quod
3434 5110 3611 5166 facere

2036 5193 2412 5244 eontemnens,
2467 5191 2584 5248 post
2631 5195 2903 5234 carcerem
2948 5189 3005 5234 et
3049 5182 3339 5234 saevissima
3390 5184 3607 5235 verbera

2036 5252 2195 5304 missa
2227 5260 2308 5305 est
2339 5252 2388 5303 in
2421 5251 2578 5304 ollam
2609 5254 2723 5317 pice
2751 5260 2804 5303 et
2828 5250 3043 5316 plumbo
3074 5250 3386 5317 ferventem,
3413 5253 3478 5303 de
3505 5267 3607 5316 qua

2035 5320 2199 5373 illa-sa
2228 5321 2525 5390 egrediens,
2548 5329 2763 5373 onerata
2796 5320 2939 5374 ferro
2958 5329 3012 5373 et
3043 5322 3259 5387 plumbo
3290 5337 3380 5385 per
3406 5322 3607 5387 plateas

2036 5390 2261 5443 trahitur
2294 5392 2543 5454 civitatis,
2576 5400 2629 5444 et
2670 5404 2791 5442 cum
2832 5391 3206 5459 pertransisset
3247 5390 3459 5443 domum
3504 5391 3609 5446 Ge-

2034 5461 2286 5524 miniani,
2321 5461 2459 5513 idem
2493 5463 2568 5513 vir
2595 5461 2801 5514 cmlesti
2848 5461 3102 5514 miraculo
3145 5463 3442 5525 instinctus,
3490 5476 3607 5528 per-

2033 5533 2176 5583 venit
2204 5530 2267 5583 ad
2298 5530 2469 5583 locum
2501 5531 2584 5583 ubi
2614 5539 2794 5583 sancta
2825 5530 2912 5582 Dei
2949 5530 3309 5595 torquebatur.
3337 5540 3389 5583 et
3420 5541 3607 5596 petens

2034 5600 2350 5667 baptismum
2381 5613 2499 5652 cum
2546 5600 2630 5652 illa
2665 5600 2861 5663 pariter
2890 5600 3060 5667 gladio
3094 5600 3270 5653 Roma:
3312 5602 3603 5655 trucidatus

2031 5680 2131 5723 est.
2165 5673 2293 5729 Ano,
2331 5671 2585 5731 Uscana"
2620 5668 2879 5731 Νοτκεκ..
2916 5670 3129 5734 Sumus,
3163 5680 3291 5723 tom.
3324 5669 3383 5723 V.

2104 5747 2129 5785 ο
2172 5737 2559 5791 Emerentiatttv.
2607 5740 2659 5792 In
2692 5742 2772 5791 via
2804 5741 3128 5793 Nomentana
3158 5741 3221 5793 ad
3249 5740 3377 5794 Cao.
3414 5740 3465 5795 in
3494 5754 3596 5795 cce-

2032 5810 2255 5865 mctcrio
2285 5808 2517 5865 Martius.
2554 5810 2777 5864 litantis.
2812 5810 3082 5880 Martyrol.
