4054 6190
411 384 549 445 ΙΟΠ

1192 384 1395 441 ΒΕΒιΕ
1436 382 1885 441 VENERABILIS
1930 384 2082 443 ΟΡΡ.
2125 388 2301 446 PARS
2341 390 2429 445 IV.
2475 421 2545 432 -—
2586 392 2971 451 IIISTORICA.

3543 405 3682 461 1048

1685 497 1911 553 EDITIO
1948 498 2416 557 COLONIENSIS.

403 604 498 661 per
528 589 727 658 plateas
774 588 1000 643 civitatis
1046 586 1224 656 ducta,
1272 586 1485 656 quidam
1524 588 1606 639 vir
1635 585 1985 641 Geminianus
2014 592 2061 649 Α
2091 589 2317 644 cletiano
2341 592 2392 645 in
2416 590 2671 648 Chalcide
2700 594 2922 649 Graecia:
2953 598 3210 669 martyrio
3240 611 3529 659 coronatus
3575 619 3678 662 est.

402 684 530 737 vidit
561 683 662 737 sibi
692 692 871 752 patere
897 682 1115 745 ctelum,
1144 691 1197 734 ct
1225 680 1400 734 statim
1430 680 1725 733 associatus
1754 688 1835 734 est
1856 694 1983 733 san-

400 782 500 828 ctae
530 772 705 827 Lucia:
729 774 780 827 in
812 788 1043 838 carcere,
1076 778 1129 825 et
1157 771 1249 836 ibi,
1276 778 1524 824 monente
1544 771 1754 839 angelo,
1781 784 1810 822 a
1834 784 1985 837 pres-

399 868 607 935 bytero,
656 867 870 920 nomine
910 864 1216 929 Prothasio,
1260 863 1555 931 baptizatus
1609 862 1809 916 Deinde
1856 878 1981 917 san-

396 968 477 1011 cta
509 956 671 1011 Lucia
710 973 829 1010 cum
876 954 1189 1010 Geminiano
1241 954 1522 1024 Amegasio
1568 955 1836 1009 consulari
1894 969 1981 1006 ar-

393 1048 542 1114 ctati,
592 1046 875 1101 novissime
923 1046 1099 1115 gladio
1143 1045 1498 1100 animadversi
1547 1055 1690 1101 sunt.
1739 1046 1975 1111 Quorum

390 1154 612 1206 corpora
660 1138 835 1237 rppuit
883 1138 1127 1206 quadam
1183 1137 1371 1191 mulier
1397 1136 1710 1202 christiana,
1762 1139 1977 1192 nomine

390 1233 638 1297 Maxima,
668 1230 715 1286 e't
742 1240 799 1284 ut
825 1230 1023 1295 decuit,
1048 1230 1313 1299 sepelivit.

453 1322 516 1377 A.
548 1320 643 1376 XV
674 1320 912 1375 Kacexa.
945 1320 1078 1376 Ocr.
1120 1352 1192 1363 ——
1224 1321 1524 1390 Tungrensi
1573 1322 1788 1377 dioecesi
1837 1323 1973 1377 Leo-

380 1413 470 1467 dio
500 1414 623 1468 villa
677 1414 881 1483 publica
934 1414 1107 1468 natale
1152 1414 1319 1468 sancti
1373 1415 1640 1470 Lamberti
1694 1416 1966 1486 episcopi;

381 1506 467 1573 qui
511 1506 634 1559 dum
665 1506 863 1574 regiam
897 1506 1111 1560 domum
1141 1508 1256 1562 zelo
1288 1509 1567 1578 religionis
1615 1510 1965 1578 increpasset,

380 1611 499 1649 cum
531 1596 748 1651 rediens
778 1598 1007 1651 orationi
1038 1598 1388 1664 incumberet,
1428 1601 1495 1654 ah
1522 1602 1866 1669 iniquissimis
1893 1604 1969 1656 vi-

379 1688 451 1741 ris
481 1688 548 1743 de
598 1688 792 1756 palatio
838 1688 983 1757 regio
1034 1689 1212 1744 missis
1255 1705 1319 1744 ex
1354 1693 1643 1760 improviso
1682 1693 1966 1747 conclusus

384 1780 521 1833 intra
558 1780 776 1835 domum
830 1782 1069 1836 ecclesiae
1120 1782 1399 1837 occiditur.
1450 1784 1613 1852 Cujus
1661 1788 1963 1854 sepulcrum

384 1870 723 1925 creberrimis
777 1872 1046 1926 miraculis
1095 1874 1412 1931 illustratur.
1459 1876 1513 1930 In
1564 1877 1831 1932 Britannia
1864 1879 1963 1932 So-

2090 681 2315 737 Viennm
2365 685 2531 739 sancti
2566 685 2825 750 Ferreoli,
2858 689 2944 754 qui
2980 694 3366 756 persecutionis
3414 704 3674 765 tempore,

2088 784 2208 823 cum
2238 780 2381 826 esset
2418 773 2706 828 tribunitiae
2736 778 3037 844 potestatis,
3079 778 3233 846 jussu
3283 784 3531 850 praesidis
3561 797 3678 842 ten-

2090 869 2171 915 tus
2200 861 2370 930 primo
2402 863 2767 920 crudelissime
2794 875 2876 919 est
2915 882 3108 934 ctesus,
3132 870 3505 942 deinde-gravi
3538 886 3679 933 cate-

2086 969 2271 1007 narum
2316 965 2541 1009 onustus
2590 956 2858 1026 pondere,
2912 959 2963 1011 in
3022 962 3350 1016 teterrimum
3402 980 3678 1025 carcerem

2086 1054 2263 1099 trusus
2294 1056 2409 1112 est;
2440 1047 2582 1102 unde
2609 1048 2814 1103 Solutus
2857 1049 2947 1102 Dei
2995 1061 3144 1115 nutu,
3192 1063 3372 1121 postea
3418 1057 3485 1109 ab
3534 1057 3678 1112 inse—

2081 1137 2362 1206 quentibus
2391 1149 2598 1205 captus,
2632 1142 2869 1212 martyrii
2905 1142 3132 1211 palmam
3165 1146 3354 1212 capitis
3378 1147 3671 1203 obtrunca-
3709 1154 3721 1174 '-

2081 1228 2227 1284 tione
2251 1233 2523 1299 percepit;
2554 1232 2707 1301 cujus
2733 1249 2925 1302 corpus
2952 1251 3073 1289 cum
3106 1238 3277 1305 capite
3309 1240 3448 1293 beati
3472 1241 3670 1296 Juliant

2077 1320 2143 1374 ad
2173 1323 2357 1376 urbem
2388 1322 2764 1377 Viennensium
2811 1325 3058 1389 relatum,
3090 1334 3144 1379 ct
3172 1328 3435 1396 condigne
3468 1331 3673 1387 honore

2075 1413 2345 1467 conditum
2404 1425 2505 1468 est.
2558 1415 2842 1469 Mediolani
2892 1416 3159 1483 depositio
3208 1418 3347 1473 beati
3400 1420 3669 1491 Eustorgii

2074 1503 2331 1571 episcopi,
2362 1512 2417 1558 et
2444 1505 2644 1574 Satyri,
2677 1505 3019 1574 Tthpbimi,
3054 1507 3281 1563 Jociani.

2143 1592 2203 1646 C.
2235 1594 2351 1649 XIII
2378 1594 2616 1649 Kauznn.
2642 1595 2780 1652 Ocr.
2809 1626 2878 1637 —
2909 1596 2964 1651 In
2991 1598 3208 1668 Neapoli
3235 1599 3540 1669 Campania:
3571 1618 3667 1658 na-

2074 1686 2176 1741 tale
2204 1697 2511 1742 sanctorum
2551 1688 2807 1754 Januarii,
2844 1690 3235 1746 Beneventanus
3286 1695 3514 1750 civitatis
3541 1697 3663 1765 epi-

2068 1778 2237 1846 scopi,
2269 1794 2391 1833 cum
2421 1780 2578 1834 Sosio
2608 1781 2833 1835 diacono
2868 1781 3149 1837 Mescnatae
3178 1784 3426 1853 civitatis,
3460 1798 3513 1841 et
3543 1790 3657 1841 dia-

2067 1883 2203 1923 cono
2242 1884 2339 1923 soo
2382 1868 2558 1936 Festo,
2605 1880 2657 1925 et
2706 1872 2904 1927 lectore
2934 1888 3034 1927 suo
3078 1874 3372 1939 Desiderio,
3416 1879 3505 1944 qui
3540 1891 3661 1943 ροκι

374 1962 533 2014 cratis
584 1962 862 2033 Stephani.
918 1963 1229 2017 Noviodnno
1278 1967 1447 2020 sancti
1506 1967 1795 2033 Valeriani,
1847 1969 1947 2022 Ma-

2068 1959 2274 2013 vincula
2302 1968 2357 2014 et
2392 1974 2639 2015 carceres
2679 1961 2853 2030 capite
2879 1972 3007 2017 sunt
3047 1964 3169 2018 caesi
3218 1963 3269 2016 in
3314 1965 3525 2020 civitate
3556 1965 3661 2019 Pn-

370 2054 500 2108 Crini
549 2063 603 2109 et
652 2053 924 2108 Gordiani.
977 2054 1159 2108 Roma:
1209 2054 1345 2110 beati
1391 2054 1583 2110 Jostini
1632 2058 1955 2128 presbyteri,

370 2159 526 2212 quem
568 2144 752 2198 beatus
796 2145 980 2200 Sixtus
1017 2147 1303 2199 ordinavit.
1354 2146 1449 2201 llic
1496 2148 1682 2202 beatos
1720 2149 1960 2204 Lauren-

370 2238 525 2303 tium,
558 2236 927 2308 Hippolytum,
957 2247 1009 2293 et
1038 2237 1413 2303 Concordiam,
1460 2241 1740 2307 Irenteum,
1774 2242 1958 2295 Abun-

369 2330 540 2397 dinm,
569 2340 622 2385 et
643 2332 895 2401 Cyrillam
927 2332 1085 2384 ﬁliam
1129 2331 1274 2386 Decii
1311 2332 1539 2385 Caasaris
1570 2342 1851 2404 martyres,
1905 2342 1961 2389 et

366 2421 500 2475 alios
529 2420 791 2489 plurimos
819 2421 1107 2490 sepulturis
1137 2422 1396 2476 condidit.
1439 2423 1568 2478 Item
1619 2424 1801 2479 Romae
1831 2440 1953 2479 san-

366 2522 571 2566 ciorum
601 2523 891 2582 martyrum
915 2512 1145 2567 Narcissi
1177 2523 1231 2568 et
1260 2514 1676 2569 Crescentionis.

436 2603 495 2655 Β.
528 2602 647 2657 XIV
681 2603 918 2658 Kxcssu.
970 2602 1107 2657 Ocr.
1134 2632 1204 2645 ——
1233 2603 1415 2658 Natale
1463 2606 1632 2660 sancti
1673 2606 1947 2672 Methodii,

361 2693 615 2763 Olympii,
647 2694 811 2757 Lucii,
842 2702 895 2746 et
921 2705 1102 2761 posma
1148 2694 1273 2763 Tyri
1301 2695 1553 2765 episcopi,
1583 2697 1673 2766 qui
1699 2698 1799 2751 sub
1832 2698 1951 2751 Οἱοο

2070 2052 2303 2117 teolana,
2330 2052 2428 2107 sub
2450 2052 2777 2108 Diocletiano
2800 2053 3057 2122 principe,
3081 2064 3134 2108 et
3149 2055 3327 2121 judice
3346 2055 3654 2111 Dracontio.

2068 2141 2167 2208 Qui
2196 2156 2315 2195 cum
2340 2141 2663 2196 ducerentur
2688 2142 2752 2196 ad
2783 2154 3030 2208 mortem,
3059 2144 3308 2198 viderunt
3334 2147 3473 2200 inter
3501 2148 3655 2212 alios,

2070 2232 2349 2286 Proculum
2410 2233 2710 2287 I‘uteolanre
2777 2234 3005 2289 civitatis
3054 2235 3373 2301 diaconum,
3442 2247 3495 2292 et
3547 2238 3658 2293 duo

2067 2323 2197 2377 Iaici-
2239 2323 2506 2393 Eutyches
2558 2332 2612 2377 et
2659 2322 2936 2391 Achatius,
2985 2325 3445 2394 interrogaverunt
3489 2345 3655 2395 quare

2064 2415 2192 2484 justi
2219 2414 2532 2483 juberentur
2561 2415 2755 2471 occidi.
2784 2417 2926 2482 Quos
2954 2417 3115 2485 judex
3145 2429 3202 2473 ut
3230 2419 3362 2473 vidit
3391 2420 3653 2475 Christia-

2061 2522 2178 2576 nos,
2201 2507 2361 2575 jussit
2387 2506 2636 2561 decollari
2665 2522 2785 2561 cum
2810 2509 2936 2561 illis.
2967 2508 3058 2563 Sic
3085 2524 3271 2565 omnes
3310 2522 3512 2578 septem
3556 2528 3651 2581 pa-

2060 2599 2188 2654 riter
2216 2605 2341 2651 sunt
2368 2597 2640 2663 decollati,
2664 2608 2715 2652 ct
2743 2600 2977 2654 tulerunt
3010 2611 3166 2656 nocte
3202 2616 3386 2656 eorum
3417 2618 3645 2666 corpora

2060 2690 2239 2760 populi
2284 2688 2727 2744 Christianorum.
2754 2690 3081 2759 Neapolitani
3110 2692 3413 2747 Ianuarium
3443 2709 3643 2763 posue-

1646 2809 1876 2864 EDITIO
1919 2806 2419 2865 BOLLANDiANA.

430 2898 516 2951 I7.
546 2926 615 2937 —
645 2894 737 2950 XV
796 2895 932 2950 ΚΑΙ..
963 2894 1162 2952 Natalis
1190 2897 1246 2953 S.
1279 2906 1303 2935 ιι
1338 2898 1602 2954 Lamberti
1643 2898 1733 2972 [Β.
1762 2901 1821 2956 C.
1852 2902 1942 2966 Β..

361 2987 702 3060 Landeberti]
744 2990 977 3058 episcopi
1008 2998 1064 3043 et
1108 2991 1380 3061 martyris.
1426 2991 1480 3045 In
1520 2991 1807 3047 Britanniis
1847 2994 1946 3047 So.

354 3081 515 3135 cratis
543 3090 599 3135 et
627 3079 899 3148 Stephani.

429 3193 620 3246 Florus
644 3192 695 3244 in
722 3194 785 3245 Α.
808 3192 877 3245 Τ.
901 3190 963 3245 L.
992 3193 1263 3260 praemittit
1290 3193 1403 3246 haec
1429 3211 1441 3245 :
1470 3192 1523 3246 In
1548 3191 1717 3247 Gallia
1746 3192 1798 3244 in
1821 3190 1943 3245 villa
1974 3221 2018 3280 ρ

353 3297 472 3352 qua;
499 3282 693 3336 dicitur
715 3281 1025 3353 Leudegus;
1054 3292 1109 3337 et
1137 3283 1408 3353 subjungit
1435 3285 1501 3337 de
1520 3285 1575 3338 8.
1610 3284 1893 3337 Lamlierto
1928 3302 1938 3334 :

354 3374 455 3441 Qui
482 3373 741 3429 sectando
762 3374 1025 3444 justitiam
1054 3374 1279 3444 adeptus
1308 3384 1392 3429 est
1421 3374 1659 3445 martyrii
1693 3374 1937 3442 palmam.

420 3488 484 3540 Δ.
508 3486 598 3551 'l‘.,
624 3487 679 3541 In
711 3486 1007 3541 Mediolano
1033 3486 1298 3556 depositio
1326 3486 1380 3543 S.
1410 3487 1436 3526 δ
1462 3485 1751 3555 Eustorgii.
1774 3486 1859 3549 Β..
1887 3488 1941 3539 1η

353 3556 593 3611 Ενίἀυηο
622 3560 797 3612 natale
828 3558 931 3614 SS.
964 3558 1262 3622 Valeriani,
1299 3558 1514 3613 Macrini
1560 3568 1614 3612 et
1661 3558 1937 3613 Gurdiani.

356 3628 441 3693 L.,
471 3626 594 3697 Ipso
623 3628 713 3683 die
738 3628 976 3683 Elevatio
1002 3627 1062 3683 8.
1094 3632 1114 3659 ε
1146 3628 1420 3700 Hyltrudis
1449 3627 1700 3697 Virginis.

420 3768 507 3823 18.
547 3796 616 3807 --
655 3766 773 3822 XIV
817 3766 951 3821 KAL.
994 3765 1160 3821 Vacat
1188 3767 1364 3821 Baeda.

420 3868 612 3923 Florus
640 3869 692 3924 in
726 3868 791 3923 Α.
824 3867 888 3922 Τ.
917 3867 979 3922 L.
1021 3886 1032 3921 :
1067 3867 1121 3921 ln
1157 3869 1428 3925 territorio
1466 3868 1771 3939 Lingonicze
1799 3867 1941 3921 civi-

348 3958 491 4023 tatis,
544 3959 871 4013 monasterio
917 3959 1189 4029 Segestro,
1243 3960 1510 4029 depositio
1558 3960 1615 4017 S.
1660 3958 1688 3997 τι
1726 3959 1940 4029 SigOnis

348 4049 644 4120 presbyteri
673 4057 726 4104 et
767 4047 1112 4103 confessoris.
1147 4049 1214 4104 Et
1254 4051 1433 4121 passio
1463 4060 1768 4105 sanctorum
1801 4049 1938 4103 Feli-

2054 2902 2135 2954 cis
2160 2907 2214 2951 ct
2245 2906 2267 2933 ο
2302 2896 2623 2963 ConStantii,
2653 2894 2739 2955 qui
2770 2897 2912 2966 passi
2944 2905 3066 2951 sunt
3102 2899 3200 2952 sub
3234 2897 3437 2955 Nerone
3466 2902 3643 2969 impe-

2054 3000 2250 3045 ratorc.

2126 3082 2185 3135 Β.
2215 3082 2276 3134 C.
2311 3082 2393 3145 V.,
2431 3081 2484 3135 In
2515 3081 2830 3135 Alexandria
2881 3082 2941 3136 S.
2986 3082 3285 3145 Trophimi.
3316 3084 3369 3138 In
3401 3084 3645 3141 Nicome-

2056 3151 2143 3223 dia
2174 3160 2477 3223 sanctorum
2508 3154 2727 3216 Oceani,
2769 3152 2934 3223 ‘Sixti,
2981 3154 3038 3207 C.
3074 3151 3161 3219 V.,
3194 3156 3435 3210 .Ileiletei.
3470 3157 3553 3223 Β.⁹
3588 3158 3641 3211 In

2051 3222 2347 3276 Mediolano
2377 3223 2639 3290 depositio
2668 3224 2722 3277 S.
2762 3220 2780 3260 ί
2818 3224 3079 3293 Eustorgii
3108 3227 3365 3294 episcopi.

2118 3312 2205 3368 I9.
2247 3344 2316 3354 —
2355 3312 2465 3367 XIII
2527 3314 2660 3369 ΚΜ..
2722 3314 2778 3368 In
2828 3315 3049 3385 Neapoli
3098 3316 3401 3385 Campania:
3463 3318 3641 3382 natale

2043 3415 2347 3461 sanctorum
2401 3410 2425 3447 ε
2473 3406 2750 3474 Januarii,
2808 3408 3198 3463 Beneventana:
3246 3411 3477 3464 civitatis
3528 3410 3639 3481 cpi-

2044 3498 2226 3568 scopi;
2276 3513 2396 3552 cum
2441 3499 2595 3553 Sosio
2645 3499 2870 3554 diacono
2925 3500 3208 3556 Mesenatze
3262 3502 3530 3567 civitatis,
3581 3514 3639 3559 et

2043 3587 2268 3640 diacono
2312 3603 2410 3641 suo
2452 3587 2632 3653 Festo,
2679 3599 2733 3643 et
2784 3590 2983 3645 lectore
3027 3606 3123 3643 suo
3177 3592 3496 3646 Desiderio:
3543 3596 3631 3661 qui

2048 3688 2167 3744 post
2193 3679 2403 3732 vincula
2430 3687 2484 3733 et
2511 3694 2753 3734 carceres
2784 3682 2958 3750 capite
2999 3691 3122 3735 sunt
3168 3684 3289 3736 cmsi
3334 3683 3384 3736 in
3414 3683 3629 3740 civitate

2048 3766 2361 3835 Puteolana,
2391 3770 2490 3825 sub
2520 3770 2849 3827 Diocletiano
2881 3774 3141 3843 principe,
3169 3772 3350 3843 judice
3390 3772 3629 3828 Dracon-

2048 3860 2142 3919 tio.
2174 3860 2274 3927 Qui
2320 3876 2440 3915 cum
2469 3862 2794 3917 ducerentur
2815 3864 2881 3917 ad
2914 3874 3163 3928 mortem,
3198 3865 3443 3918 viderunt
3494 3864 3633 3919 inter

2046 3954 2182 4008 alios
2235 3954 2515 4009 Proculum
2566 3954 2873 4010 Puteolante
2925 3956 3155 4011 civitatis
3202 3955 3527 4021 diaconum,
3579 3966 3634 4011 et

2047 4047 2183 4101 duos
2233 4046 2397 4101 laicos
2444 4046 2720 4115 Eutychen
2764 4058 2819 4105 et
2865 4047 3142 4114 Acutiam;
3183 4058 3237 4103 et
3275 4050 3639 4119 interrogave-

1740 4140 1949 4195 SMITH
1990 4137 2223 4193 NOTrE.

418 4239 443 4268 α
484 4229 759 4301 Lamberti.
793 4227 889 4283 llic
926 4228 1281 4301 Theodoardo
1324 4229 1595 4301 successit
1624 4231 1673 4282 in
1717 4232 1930 4301 episco-

348 4310 527 4369 patum
556 4300 973 4369 Trajectensem,
1001 4299 1300 4354 Childerico
1328 4314 1456 4368 rege
1486 4299 1765 4369 probante.
1798 4303 1929 4355 Cum

348 4368 525 4425 autem
568 4384 709 4423 anno
751 4368 855 4424 675
901 4371 1212 4423 interfectus
1252 4378 1397 4423 esset
1438 4385 1527 4424 rex
1576 4368 1931 4434 Cbildericus.

348 4441 657 4496 Stabulaum
690 4441 958 4509 relegatus
996 4448 1079 4493 est
1123 4439 1458 4502 Lambertus,
1492 4449 1547 4494 et
1587 4441 1797 4507 quidam
1839 4458 1932 4494 nn-

346 4514 489 4565 mine
510 4509 880 4565 lt'aramundus
904 4511 955 4562 in
981 4509 1292 4563 cathedram
1320 4510 1464 4562 illius
1485 4512 1804 4565 constitutus
1826 4522 1929 4567 est.

2041 4239 2216 4284 motus
2253 4238 2415 4289 esset,
2452 4227 2575 4281 adiit
2624 4226 2681 4282 S.
2728 4227 2988 4283 Joannem
3031 4228 3279 4282 abbatem
3327 4229 3627 4284 Reomaen-

2039 4314 2175 4363 sem,
2209 4307 2264 4351 ut
2295 4298 2360 4350 ab
2390 4313 2455 4351 eo
2484 4300 2646 4351 vitam
2678 4301 3023 4352 monasticam
3055 4300 3301 4352 disceret.
3336 4299 3626 4368 Disciplina

2039 4385 2170 4423 vero
2201 4371 2490 4421 monastica
2524 4368 2793 4423 institutus
2822 4370 3009 4422 silvam
3042 4368 3494 4421 abstrusissimam
3527 4385 3623 4437 pe-

2043 4441 2157 4505 tiit;
2189 4449 2245 4492 et
2274 4440 2651 4493 monasterium
2684 4439 2941 4505 eoadidit,
2971 4454 3074 4504 quo
3104 4439 3347 4507 sepultus
3374 4449 3476 4492 est.
3503 4441 3626 4504 Quo

2042 4525 2182 4563 anno
2208 4508 2266 4565 S.
2299 4509 2423 4579 Sigo
2451 4511 2531 4563 vel
2564 4511 2837 4574 Sequanos
2865 4511 2916 4561 in
2946 4509 3140 4562 caelum
3190 4508 3499 4579 migraverit
3546 4512 3627 4563 in-

510 4555 880 4649 iéﬁiém'ieFé
919 4594 1090 4632 annos
1113 4555 1394 4646 depositus
1423 4588 1505 4634 est
1540 4555 1929 4647 Faranitiniliis,
1964 4555 2012 4613 D
2039 4555 2387 4634 ceruini-est:3
2408 4558 2593 4632 Adhuc
2616 4555 2826 4649 jiivenis
2850 4579 3072 4633 Joannis
3094 4555 3301 4632 abbatis
3324 4578 3630 4633 Reomaen-

341 4663 395 4705 et
427 4652 741 4705 Lambertus
766 4650 878 4704 sedi
907 4664 1018 4703 suae
1047 4652 1324 4703 restitutus
1349 4661 1449 4704 est.
1483 4649 1721 4703 Introivit
1752 4664 1927 4706 autent

340 4722 629 4789 aliquando
660 4721 713 4774 in
734 4719 1112 4784 Toxandriam,
1138 4729 1193 4775 et
1218 4721 1373 4772 istum
1408 4720 1656 4787 ponulnm
1682 4722 1745 4774 ad
1771 4722 1927 4775 fidem

343 4793 582 4847 adduxit.
612 4791 693 4844 Ob
720 4805 905 4845 necem
928 4789 1159 4858 denique
1181 4791 1530 4860 quorumdam
1556 4792 1641 4859 qui
1678 4792 1928 4847 Ecclesia:

344 4863 479 4915 bona
510 4859 865 4929 diripiebant,
898 4861 1213 4914 Latnbertus
1244 4861 1422 4913 Leodii
1462 4874 1855 4927 commoratus,
1897 4879 1925 4914 a

346 4933 560 4984 Dodone
584 4946 704 4984 cum
736 4938 1062 4984 armatorum
1095 4946 1251 4984 manu
1286 4931 1519 4983 irruente
1546 4947 1687 4983 anno
1709 4932 1811 4985 708
1839 4948 1927 4986 oc-

340 5002 534 5055 ciditur
560 5016 681 5052 cum
724 5000 872 5066 suis;
918 5015 1114 5068 corpus
1144 5011 1317 5053 autem
1350 5001 1464 5068 ejus
1494 5000 1798 5070 Trajectum
1831 5005 1923 5057 de-

344 5073 528 5125 latum.
587 5070 662 5123 De
690 5085 846 5124 causa
877 5071 995 5140 ejus
1025 5072 1210 5124 mortis
1240 5081 1293 5125 et
1342 5086 1484 5124 anno
1518 5074 1754 5140 martyrii
1807 5075 1926 5129 vide

344 5142 616 5196 Mabillon.
649 5156 664 5193 ι
698 5151 833 5207 part.
867 5156 989 5197 saec.
1027 5156 1105 5203 nt,
1138 5146 1253 5195 Act.
1287 5142 1439 5202 Ben.,
1476 5157 1529 5207 p.
1555 5141 1623 5193 76
1655 5154 1702 5194 et
1735 5156 1849 5211 seq.

412 5212 440 5250 δ
482 5211 762 5279 Eustorgii.
793 5211 867 5264 De
892 5212 993 5267 hoc
1017 5213 1137 5265 vide
1162 5212 1300 5265 diem
1330 5221 1658 5279 sequentem.

412 5289 435 5317 ο
476 5280 776 5351 Hyltrudt's.
819 5282 987 5345 Quam
1028 5284 1290 5350 sepultam
1324 5283 1375 5335 in
1408 5283 1629 5335 ecclesia
1670 5282 1727 5335 S.
1761 5281 1921 5336 Lam-

338 5351 474 5423 bcrti
497 5395 510 5417 ,
542 5366 703 5423 quam
738 5362 985 5418 parentes
1022 5362 1396 5407 exstruxerant
1420 5351 1652 5423 WLzetiis,
1694 5354 1924 5423 elevavit

338 5421 573 5478 Eluinus
608 5421 890 5489 episcopus
938 5423 1362 5477 Cameracensis.
1418 5422 1546 5491 Ejus
1600 5422 1789 5477 natalis
1837 5431 1922 5477 cst

336 5507 476 5548 xxvn
506 5492 663 5561 hujus
694 5492 913 5547 mensis.

404 5562 434 5601 ά
461 5560 688 5633 Sigeriis.
726 5563 800 5618 De
829 5562 931 5618 hoc
969 5562 1105 5628 Ado,
1138 5560 1398 5617 Notkcrus
1426 5572 1481 5617 ct
1507 5563 1595 5617 alii
1640 5571 1804 5631 agunt
1830 5563 1917 5619 die

336 5632 598 5703 sequenti.
634 5632 733 5703 Hic
767 5647 887 5687 cum
918 5648 1049 5701 puer
1091 5642 1252 5691 esset.
1289 5634 1647 5689 nescientibus
1674 5635 1917 5703 parenti-

340 5696 438 5751 bus
464 5708 519 5752 et
552 5701 752 5771 invitis,
778 5696 1001 5757 secessit
1048 5704 1098 5755 in
1149 5702 1520 5766 solitudinem;
1558 5696 1770 5771 juvenis
1799 5714 1918 5757 ton-

346 5780 520 5840 suram
560 5768 627 5840 ab
668 5770 922 5840 Ifjustadio
956 5774 1266 5840 presbytero
1306 5772 1511 5836 accepit
1544 5768 1705 5826 {cum
1734 5784 1911 5828 autem

346 5838 516 5902 primo
556 5836 623 5889 ad
650 5836 1010 5905 diaconatum,
1040 5836 1160 5896 dein
1204 5841 1268 5894 ad
1317 5841 1737 5912 presbyteratuin
1792 5859 1911 5911 pro-

2038 4651 2112 4702 sis
2142 4649 2434 4718 disciplina:
2464 4666 2521 4704 se
2551 4648 2786 4713 tradidit,
2832 4659 2886 4704 et
2939 4650 3124 4716 plenus
3161 4650 3370 4718 dierum
3421 4651 3629 4716 quievit

2035 4721 2087 4772 in
2120 4717 2288 4789 pace.
2318 4720 2455 4772 Cum
2484 4735 2611 4788 ergo
2641 4720 2695 4773 8.
2727 4719 2960 4773 Joannes
3005 4734 3200 4772 annum
3249 4717 3353 4771 540
3406 4721 3625 4787 paulum

2031 4791 2361 4853 excesserit,
2407 4793 2711 4858 Sequanum
2762 4790 2828 4843 4t)
2887 4791 3029 4845 circa
3083 4789 3237 4843 annis
3294 4790 3627 4857 superfuisse

2029 4862 2365 4983 gonjicgmns.
2397 4858 2527 4914 Vide
2562 4860 2735 4913 Vitam
2773 4861 2889 4929 ejus
2935 4862 3073 4929 apud
3119 4858 3410 4925 Mabillon.,
3445 4874 3575 4916 sec.
3608 4876 3626 4915 l

2081 4942 2147 4983 ct.
2224 4947 2309 4983 en.

2081 4942 2147 4983 ct.
2184 4932 2309 4984 Ben.

2102 5001 2466 5125 °dConstantiL
2516 5001 2593 5056 Dc
2639 5000 2720 5056 his
2758 5000 2876 5055 vide
2907 4999 3126 5054 inferius
3159 5015 3231 5053 xx
3273 5000 3431 5069 hujus
3462 5016 3626 5057 men-

2164 5088 2230 5124 ie.

2027 5085 2102 5124 SIS
2125 5085 2230 5124 ait}.

2106 5140 2124 5177 τ
2158 5142 2440 5213 Eustorgii.
2471 5143 2637 5211 lIujus
2667 5142 2907 5196 meminit
2933 5141 2987 5197 8.
3024 5141 3274 5197 Ambros.
3307 5142 3360 5196 in
3394 5142 3618 5213 Auxen-

2028 5211 2158 5264 tium
2203 5214 2269 5266 de
2315 5211 2597 5268 traditione
2640 5215 2892 5276 basilicae,
2945 5214 3026 5265 his
3057 5213 3277 5265 verbis:
3316 5230 3334 5261 ι
3375 5212 3527 5266 Absit
3559 5223 3630 5268 ut

2027 5283 2228 5353 tradam
2274 5284 2637 5337 litereilitatem
2686 5283 2943 5353 Dionysii,
2973 5282 3060 5351 qui
3090 5283 3163 5353 fin
3213 5283 3403 5337 exsilio
3450 5298 3625 5338 causa

2026 5350 2145 5405 ﬁdei
2190 5354 2470 5408 defunctus
2500 5364 2618 5418 est;
2670 5350 3032 5406 linere-ditatem
3084 5352 3351 5421 Eustorgii
3393 5354 3620 5409 confes-

2023 5422 2160 5493 sorirs
2191 5433 2293 5476 etc.
2336 5443 2353 5475 ι
2393 5425 2559 5491 Ilujus
2591 5439 2674 5478 res
2697 5435 2874 5493 gestas
2910 5437 2974 5476 ex
3008 5422 3195 5491 pri~cis
3242 5425 3622 5479 monumentis

2024 5492 2189 5545 edidit
2234 5494 2505 5549 Mombrit.
2554 5492 2752 5547 tomal
2806 5492 2910 5546 Vit.
2960 5504 3131 5544 sanct.
3181 5492 3277 5545 Hic
3322 5494 3497 5547 dictus
3527 5506 3626 5550 est.

2025 5561 2224 5628 primus
2267 5576 2509 5634 respectu
2537 5565 2763 5633 junioris
2795 5561 3084 5632 Eustorgii,
3120 5563 3207 5628 qui
3240 5564 3433 5616 claruit
3464 5575 3616 5617 tem-

2024 5634 2238 5703 poribus
2266 5634 2580 5689 Theudorici
2613 5634 2751 5701 regis
2785 5634 2965 5697 Itali-ie,
2997 5636 3063 5685 de
3090 5647 3196 5701 quo
3244 5634 3296 5686 in
3342 5636 3617 5703 Martyro-

2022 5701 2176 5772 Iugiis
2202 5706 2375 5771 agitur
2400 5706 2487 5759 die
2516 5721 2564 5757 vr
2592 5705 2753 5757 Junii.

2093 5781 2117 5818 δ
2145 5771 2404 5827 Januarii.
2442 5776 2500 5828 lIi
2536 5775 2673 5842 passi
2704 5783 2827 5827 sunt
2858 5774 3001 5825 iuxta
3035 5772 3245 5827 Baronii
3278 5784 3431 5829 notas
3458 5787 3620 5831 coss.

2018 5841 2327 5900 Constantio
2360 5861 2386 5899 ν
2418 5856 2469 5901 et
2498 5841 2836 5912 Maximiano,
2876 5844 2925 5897 id
2957 5852 3057 5908 est,
3090 5858 3231 5897 anno
3262 5843 3385 5899 305.
