4054 6190
1602 344 1796 401 SECT.
1840 344 1902 403 ll.
1947 349 1991 402 M
2004 351 2509 414 AR'I‘YROLOGIA.

1685 461 1918 518 EDITIO
1958 464 2425 526 COLONIENSIS.

403 549 526 596 runt
549 550 698 611 juxta
728 542 993 599 civitatem
1036 546 1090 600 in
1130 545 1366 613 basilica,
1416 550 1712 607 Mesenates
1770 556 1978 613 Sosium
2012 564 2055 620 Α
2084 569 2251 626 ctum,
2301 565 2389 633 qui
2433 580 2555 620 eum
2605 582 2917 637 suspensum
2970 572 3178 630 fortiter
3229 584 3519 649 torqueret.
3567 586 3668 653 Qut

402 646 554 700 teque
584 633 637 687 in
681 634 921 702 basilica,
955 635 1224 693 Puteolani
1285 641 1568 697 Proculum
1617 645 1887 716 Eutychen
1932 659 1985 701 et

400 725 700 792 Achatium,
727 728 880 796 juxta
912 730 1181 785 basilicam
1226 735 1391 788 sancti
1440 736 1719 806 Stephani.
1770 738 1980 794 Festum

399 827 453 873 et
482 813 1210 877 desiderium‘Beneveutani
1251 826 1539 897 collegere.
1588 829 1643 882 In
1700 830 1980 886 Palaestina

399 920 702 965 sanctorum
734 911 876 966 Pelei
921 922 974 968 et
1018 913 1119 968 Nili
1160 916 1552 987 episcoporum,
1599 921 1686 989 qui
1729 936 1981 989 persecu-

400 1003 544 1058 tione
595 1003 905 1058 Diocletiani
964 1021 1084 1061 cum
1125 1008 1368 1077 plurimis
1420 1012 1631 1066 clericis
1682 1013 1802 1083 igne
1855 1028 1981 1069 con-

395 1093 592 1161 sumpti
621 1106 742 1148 sunt
774 1110 869 1163 pro
906 1094 1142 1152 Christo.
1173 1099 1324 1167 Apud
1356 1101 1634 1157 Nuceriam
1676 1114 1977 1158 sanctorum

398 1184 590 1240 Felicis
628 1196 680 1240 et
727 1186 1075 1256 Constantia;
1129 1190 1216 1258 qui
1265 1192 1363 1245 sub
1413 1192 1622 1246 Nerone
1654 1197 1791 1261 passi
1832 1204 1975 1250 sunt.

393 1272 660 1343 Lingonas
711 1276 890 1345 Sigoni
932 1279 1247 1347 presbyteri,
1292 1291 1345 1335 et
1375 1282 1628 1339 Florentii
1668 1288 1901 1356 episcopi
1927 1298 1980 1343 et

395 1370 674 1439 martyris,
704 1377 757 1423 et
787 1371 962 1426 natale
990 1374 1158 1426 sancti
1200 1372 1495 1441 Eustochii.

464 1459 528 1513 D.
559 1458 650 1515 XII
698 1461 938 1516 KALEND.
963 1464 1096 1518 Ocr.
1125 1493 1191 1505 ·-
1232 1465 1287 1519 1η
1326 1466 1522 1538 Cyzico
1551 1470 1725 1524 natale
1766 1469 1971 1526 Fausta:

391 1549 627 1619 virginis,
651 1560 704 1606 et
727 1552 943 1623 Ejulasii
965 1556 1065 1609 sub
1095 1555 1141 1610 M
1161 1557 1410 1611 tximiano
1437 1559 1779 1627 imperatore,
1805 1577 1962 1629 quam

393 1640 531 1694 idem
570 1642 852 1711 Ejulasius,
884 1660 1003 1699 cum
1031 1655 1173 1701 esset
1218 1647 1416 1716 primus
1446 1650 1646 1718 palatii,
1687 1651 1845 1719 jussit
1872 1652 1970 1707 de-

387 1732 606 1799 calvari,
653 1742 707 1789 et
758 1735 871 1790 radi
920 1738 984 1790 ad
1026 1739 1429 1807 turpitudinem.
1462 1741 1585 1794 dein
1632 1744 1881 1811 suspendi
1912 1759 1975 1799 ac

390 1824 651 1892 torqueri.
700 1825 816 1891 Quo
845 1837 1084 1894 tempore
1111 1831 1411 1884 coruscatio
1456 1832 1522 1885 de
1577 1834 1728 1889 caelis
1781 1835 1974 1889 multos

2086 656 2242 709 etiam
2267 655 2427 725 jussit
2463 657 2707 714 Faustam
2737 662 2958 727 nudam,
2984 672 3035 718 et
3074 668 3189 722 sine
3226 671 3450 727 maforte
3479 674 3664 741 ﬂagel~

2087 746 2266 811 latam,
2295 748 2866 819 incarceratam,caput
2893 756 3167 825 terebrari,
3194 774 3255 815 ac
3279 762 3464 816 oculos
3493 764 3661 835 inﬁgi,

2083 839 2165 892 cui
2196 840 2526 905 postmodum
2572 857 2673 896 non
2717 843 2887 897 solum
2933 856 3094 915 caput
3135 858 3190 902 et
3240 849 3425 917 facies,
3470 856 3564 908 sed
3614 866 3667 911 et

2085 941 2267 999 pectus
2290 941 2345 987 et
2371 943 2535 987 totum
2586 950 2779 1004 corpus
2806 952 2973 1007 usque
3001 940 3065 993 ad
3099 942 3254 997 tibias
3282 945 3445 998 clavis
3469 946 3666 1012 imple-

2084 1032 2193 1076 tum
2215 1034 2316 1079 est.
2348 1024 2474 1078 Post
2504 1025 2615 1081 haec
2644 1032 2964 1096 sartaginem
3008 1030 3168 1100 jussit
3213 1035 3387 1103 igniri,
3416 1036 3505 1089 sed
3553 1037 3667 1090 hate

2084 1115 2343 1182 psallente
2369 1116 2456 1169 illa
2488 1117 2749 1187 refriguit.
2786 1120 2910 1176 Hmc
2941 1124 3296 1179 interveniens
3323 1142 3419 1180 vox
3444 1127 3509 1181 de
3530 1130 3668 1183 caelo

2082 1206 2296 1260 vocavit
2322 1222 2437 1271 eos,
2469 1217 2524 1262 et
2561 1210 2639 1264 sic
2669 1212 2989 1266 tradiderunt
3025 1216 3288 1282 spiritum.
3326 1218 3459 1275 Erat
3488 1232 3664 1274 autem

2081 1296 2273 1352 Fausta
2316 1313 2579 1355 annorum
2630 1300 2907 1367 tredecim,
2956 1314 3005 1358 et
3061 1307 3318 1375 Ejulasius
3370 1317 3659 1381 octoginta.

2078 1388 2143 1442 Et
2174 1388 2345 1455 vigilia
2384 1391 2550 1443 sancti
2592 1390 2822 1444 hlatthmi
2855 1394 3104 1461 apostoli.

2151 1481 2211 1534 Ε.
2238 1480 2308 1535 XI
2336 1482 2574 1537 KALEND.
2599 1484 2730 1539 Oc'r.
2761 1515 2831 1526 —
2867 1486 3053 1541 Natale
3079 1491 3244 1544 sancti
3278 1492 3507 1546 Mattlntei
3536 1511 3666 1563 apo-

2077 1571 2199 1626 stoli
2226 1585 2279 1627 et
2309 1576 2676 1644 evangelistae,
2718 1578 2804 1643 qui
2840 1578 3040 1645 primus
3087 1582 3139 1633 in
3186 1582 3367 1638 Judma
3423 1587 3662 1659 Evange-

2076 1663 2205 1718 lium
2236 1664 2434 1720 Christi
2470 1667 2691 1721 Hebraeo
2718 1683 2965 1725 sermone
3008 1677 3345 1744 conscripsit.
3387 1676 3512 1731 Post
3542 1696 3666 1734 vero

2077 1754 2214 1821 apud
2243 1754 2565 1823 Aﬁthiopiam
2602 1759 2931 1826 prtedicavit,
2960 1772 3014 1816 et
3039 1766 3230 1817 multos
3251 1765 3317 1820 ad
3344 1764 3499 1822 ﬁdem
3529 1783 3664 1823 con-

2078 1842 2236 1897 vertit
2261 1846 2273 1897 ἑ
2316 1846 2618 1913 missusque
2647 1858 2728 1902 est
2760 1849 3050 1915 spiculator
3070 1851 3138 1903 ab
3162 1852 3373 1907 Hirtaco
3400 1870 3541 1925 rege,
3572 1858 3663 1924 qtti

390 1916 754 1972 ministrorum
806 1922 1083 1988 percussit.
1131 1922 1331 1977 Deinde
1354 1923 1516 1990 jussit
1544 1924 1746 1980 loculos
1774 1926 1972 1992 alf-rri,
2010 1917 2049 1975 Β
2078 1946 2200 1985 eum
2243 1933 2417 2002 gladio
2458 1935 2677 1990 feriebat
2704 1936 2942 1992 efficiens
2972 1949 3259 2009 martyrem
3290 1944 3486 1999 Christi
3518 1963 3531 1998 :
3563 1962 3663 2000 cu-

385 2014 440 2061 et
469 2023 584 2062 eam
616 2010 902 2064 immissam
932 2026 995 2066 ac
1023 2014 1203 2081 fixam,
1233 2014 1380 2082 quasi
1413 2015 1610 2085 lignum
1651 2018 1820 2071 secari
1853 2033 1968 2071 me-

384 2102 525 2156 diam
554 2123 567 2157 :
593 2106 685 2160 sed
713 2122 819 2160 non
843 2123 959 2162 eam
982 2109 1261 2165 carniﬁces
1294 2112 1448 2166 ferris
1480 2112 1676 2169 laedere
1705 2116 1966 2169 valebant.

385 2193 528 2249 Inter
556 2212 675 2265 quae
706 2207 925 2266 stupens
977 2200 1240 2270 Ejulasius
1279 2200 1492 2259 Christo
1520 2206 1741 2260 credere
1781 2207 1962 2271 Cthil.

386 2284 450 2338 Et
500 2285 601 2342 hoc
643 2288 731 2344 ubi
764 2292 1066 2360 imperatori
1121 2294 1418 2349 nuntiatum
1454 2304 1559 2363 est,
1603 2296 1747 2350 misit
1773 2297 1966 2366 pracfe-

2074 2026 2160 2092 jus
2190 2024 2533 2094 Evsngclium
2565 2028 2704 2097 stylo
2736 2028 3015 2097 scriptum,
3068 2031 3288 2085 Hebraeo
3337 2034 3453 2103 ipso
3504 2050 3661 2090 reve-

2079 2114 2244 2179 lante,
2288 2126 2526 2185 tempore
2569 2118 2903 2186 imperatoris
2933 2121 3209 2189 cujusdam
3249 2122 3519 2178 inventum
3557 2136 3659 2181 est.

2148 2206 2209 2261 F.
2244 2207 2287 2260 X
2317 2208 2554 2264 KALEND.
2585 2212 2717 2264 Ocr.
2748 2241 2818 2251 —
2865 2211 2920 2265 lo
2952 2213 3118 2268 Gallia
3161 2217 3373 2271 civitate
3421 2219 3658 2281 Ceduno,

2079 2296 2198 2351 loco
2245 2300 2490 2368 Agauno,
2534 2303 2712 2357 natale
2740 2316 3044 2359 sanctorum
3076 2315 3366 2375 martyrum
3409 2307 3664 2363 Theben-

1629 2408 1857 2463 EDlTlO
1898 2408 2409 2464 BOLLANDIANA.

377 2521 506 2564 runt
550 2526 715 2578 quare
756 2512 883 2580 justi
929 2514 1243 2583 juberentur
1285 2516 1451 2571 occidi
1482 2533 1498 2575 :
1528 2533 1659 2589 quos
1701 2521 1860 2588 jutlex
1911 2530 1968 2576 ut

378 2599 512 2653 vidit
540 2600 869 2657 Christianos
897 2603 1057 2673 jussit
1085 2605 1342 2661 decollari
1377 2622 1496 2662 cum
1541 2609 1664 2663 illis.
1719 2611 1807 2665 Sic
1853 2627 1967 2665 ont-

377 2706 475 2746 nes
498 2703 704 2760 septem
737 2694 935 2762 pariter
959 2707 1086 2751 sunt
1109 2698 1374 2753 decollati.
1410 2700 1476 2753 Et
1524 2702 1759 2756 tulerunt
1808 2714 1964 2756 noctu

374 2796 598 2851 corpora
631 2784 952 2850 Christiani;
981 2796 1036 2841 et
1067 2787 1401 2859 Neapolitani
1431 2792 1738 2848 Januarium
1774 2811 1966 2863 posue-

374 2883 502 2928 runt
538 2875 689 2943 juxta
736 2878 1001 2932 civitatem
1054 2879 1109 2933 in
1158 2881 1393 2947 basilica,
1428 2882 1723 2939 Mesenates
1752 2888 1961 2941 Sosium

372 2980 526 3034 teque
564 2968 617 3020 in
664 2969 899 3035 basilica,
932 2970 1212 3026 Puteolani
1244 2973 1529 3029 Proculum
1563 2984 1616 3030 et
1650 2978 1959 3046 Etttycettttn

372 3065 427 3109 et
452 3057 698 3112 Acutium
728 3059 781 3114 in
812 3060 1023 3116 basilica
1053 3062 1112 3118 S.
1142 3065 1426 3134 Stephani,
1459 3066 1675 3122 Festum
1719 3078 1773 3124 et
1814 3069 1963 3124 Desi-

369 3146 576 3202 derium
611 3150 968 3207 Beneventani
1000 3155 1354 3223 collegerunt.

442 3238 540 3292 Ms.
574 3238 832 3295 Laetiense
861 3256 1026 3309 usque
1056 3245 1119 3297 ad
1156 3243 1421 3298 Desiderio
1446 3244 1695 3300 convenit
1724 3264 1737 3299 :
1763 3247 1958 3302 deinde

369 3308 598 3382 aliorum
632 3310 789 3382 trium
820 3308 1091 3382 suhjungit
1123 3317 1360 3369 nomina.

443 3377 505 3429 V.
542 3379 600 3431 Β.
636 3378 718 3442 D.,
756 3384 819 3433 Et
865 3377 1041 3435 natale
1078 3384 1134 3439 S.
1179 3385 1203 3412 ⁸
1246 3384 1543 3439 Eustochii.
1583 3385 1646 3440 V.
1695 3386 1781 3447 C.,
1814 3386 1952 3441 Alibi

366 3446 720 3525 depositioS.
749 3449 777 3488 ὃ
818 3452 1057 3525 Mariani.
1097 3456 1180 3511 Β..
1211 3454 1458 3509 Treveris
1496 3456 1713 3511 civitate
1750 3446 1956 3525 deposi-

366 3518 443 3571 tio
474 3518 532 3572 S.
564 3520 753 3573 Miletis
781 3523 1038 3592 episcopi.

434 3607 527 3661 20.
566 3636 636 3648 -
674 3609 765 3664 Xll
808 3612 940 3667 ΚΑι..
1008 3614 1060 3666 lu
1126 3614 1321 3684 Cyzico
1392 3616 1577 3670 natale
1645 3626 1951 3670 sanctorum

366 3702 389 3729 ε
424 3699 630 3754 Fausta:
673 3701 889 3772 virginis
919 3713 970 3757 et
1000 3702 1210 3758 Evilasii
1242 3706 1343 3760 sub
1374 3706 1701 3760 Maximiano
1725 3709 1952 3774 impera-

364 3800 477 3845 tore
514 3809 526 3843 :
560 3808 716 3861 quam
774 3795 912 3849 idem
965 3796 1244 3862 Evilasius,
1293 3813 1414 3852 cum
1447 3807 1590 3853 esset
1619 3798 1816 3867 primus
1862 3813 1949 3865 pa-

364 3881 689 3950 latii,‘jussit
717 3884 985 3941 decalvari
1011 3898 1064 3942 et
1094 3888 1205 3943 radi
1236 3890 1299 3943 ad
1329 3890 1732 3957 turpitudinem,
1758 3888 1952 3943 deinde

359 3977 615 4044 suspendi
662 3992 725 4032 ac
776 3982 1056 4050 torqueri:
1093 3997 1199 4049 quo
1246 3992 1487 4052 tempore
1532 3983 1827 4038 coruscatio
1884 3984 1952 4039 de

358 4067 511 4121 cmlis
563 4066 700 4122 facta
750 4073 946 4126 multos
988 4074 1357 4128 ministrorum
1414 4076 1697 4144 percussit.
1749 4076 1952 4131 Deinde

353 4159 511 4227 jussit
564 4161 770 4216 loculos
822 4164 999 4217 atferri
1050 4174 1105 4219 et
1152 4180 1269 4219 eam
1320 4166 1613 4220 immissam
1661 4182 1725 4221 ac
1766 4168 1949 4234 lixam,

356 4250 505 4316 quasi
562 4250 761 4318 lignum
812 4255 980 4307 secari
1031 4256 1259 4309 mediam
1305 4273 1321 4309 :
1371 4256 1464 4310 sed
1513 4271 1628 4310 eam
1669 4258 1948 4312 carnifices

358 4343 522 4396 serris
556 4343 750 4398 ltedere
781 4360 884 4398 non
914 4346 1179 4403 valebant.
1214 4349 1341 4413 Qua:
1374 4349 1512 4401 inter
1553 4356 1773 4417 stupens
1827 4351 1947 4402 Evi-

357 4432 520 4486 lasius
548 4436 761 4490 Christo
787 4437 1007 4492 credere
1051 4439 1247 4509 cmpit;
1281 4448 1332 4493 et
1375 4437 1475 4493 ltoc
1504 4439 1590 4493 ubi
1640 4439 1941 4507 imperatori

359 4524 662 4581 nuntiatum
692 4535 793 4594 est,
836 4530 977 4583 misit
1008 4532 1320 4601 praefectum
1352 4531 1438 4599 qui
1470 4545 1589 4584 eum
1621 4545 1938 4599 suspensum

2072 2519 2286 2575 fortiter
2315 2531 2606 2589 torqueret.
2640 2524 2737 2591 Qui
2783 2527 2941 2581 etiam
2985 2529 3138 2597 jussit
3169 2531 3418 2585 Faustam
3461 2534 3654 2587 nudam

2070 2623 2122 2668 et
2167 2617 2283 2669 sine
2330 2629 2568 2672 mavorte
2615 2617 2702 2688 [Α.
2730 2617 2794 2671 Β.
2828 2619 2915 2688 V.,
2949 2621 3195 2693 maforte]
3240 2624 3393 2677 educi
3435 2626 3501 2679 de
3537 2641 3658 2680 car-

2068 2720 2212 2771 cere,
2242 2715 2296 2761 et
2320 2707 2365 2760 ei
2388 2716 2547 2776 caput
2570 2710 2824 2763 terebrari
2856 2725 2917 2765 ac
2945 2712 3110 2765 clavis
3138 2714 3346 2781 configi.
3380 2714 3474 2769 Cui
3503 2726 3651 2783 post«

2071 2798 2282 2851 modum
2330 2813 2433 2851 non
2483 2800 2653 2853 solum
2693 2812 2869 2870 caput,
2922 2811 2976 2857 et
3023 2802 3208 2868 facies,
3256 2806 3349 2859 sed
3388 2816 3439 2861 et
3472 2817 3656 2874 pectus

2068 2897 2124 2941 et
2158 2896 2322 2941 totum
2354 2903 2547 2957 corpus
2578 2906 2744 2957 usque
2774 2891 2837 2943 ad
2873 2892 3029 2947 tibias
3055 2895 3219 2948 clavis
3246 2896 3519 2963 impletum
3550 2908 3650 2953 est.

2069 2978 2195 3034 Post
2230 2980 2344 3035 haec
2374 2984 2694 3053 sartaginent
2722 2984 2883 3052 jussit
2907 2985 3057 3053 igniri
3092 3003 3105 3040 :
3137 2988 3228 3041 sed
3260 2987 3372 3041 haec
3397 2990 3483 3042 illa
3517 2992 3655 3057 psal-

2067 3071 2208 3125 lente
2241 3072 2501 3141 refriguit.
2539 3074 2664 3128 Haec
2694 3077 2832 3130 inter
2860 3079 3079 3131 veniens
3106 3093 3206 3131 vox
3230 3077 3296 3131 de
3323 3080 3461 3134 caelo
3489 3096 3651 3136 voca-

2065 3163 2142 3217 vit
2166 3177 2259 3216 eos
2290 3174 2341 3217 ct
2371 3166 2447 3217 sic
2482 3165 2818 3219 tradiderunt
2844 3169 3111 3235 spiritum.
3147 3168 3270 3221 Erat
3306 3180 3480 3223 autem
3510 3170 3649 3223 Fau-

2064 3259 2146 3305 sta
2178 3265 2439 3306 annorum
2475 3254 2730 3309 tredecim
2762 3253 2878 3327 [D.,
2910 3272 3017 3322 xw,
3050 3256 3137 3322 B.,
3174 3256 3268 3330 ιιι]
3314 3267 3366 3313 et
3395 3259 3653 3316 Evilasius

1985 3349 2029 3412 C
2061 3343 2329 3412 oetoginta
2360 3342 2453 3415 [ν.
2488 3343 2570 3408 0.,
2607 3344 2753 3416 va].

2134 3435 2193 3491 C.
2227 3436 2297 3508 Β.
2326 3436 2390 3488 ν.
2424 3436 2490 3508 D.
2518 3437 2579 3490 Τ.
2615 3440 2704 3500 Α..
2741 3438 2925 3507 Vigilia
2963 3439 3019 3494 S.
3052 3440 3281 3493 Matthmi
3327 3439 3555 3508 apostoli
3596 3451 3649 3495 et

2061 3507 2423 3573 evangelistte.
2472 3507 2555 3570 B.,
2606 3508 2660 3559 In
2710 3508 2927 3561 Noceria
2966 3514 3141 3563 natale
3188 3512 3284 3565 SS.
3317 3507 3571 3565 dFelicis
3593 3524 3647 3565 et

2061 3575 2353 3652 Cettstantii
2388 3593 2400 3628 :
2430 3578 2520 3640 qui
2580 3578 2719 3644 passi
2768 3587 2893 3631 sunt
2937 3579 3036 3633 sub
3078 3578 3290 3634 Nerone
3330 3581 3647 3649 impissimo

2062 3654 2405 3711 imperatore.

2130 3756 2221 3811 21.
2281 3787 2339 3796 —
2385 3757 2452 3812 XI
2503 3758 2638 3814 ΚΑι..
2688 3758 2891 3816 Natalis
2931 3760 2991 3817 S.
3025 3769 3049 3799 ⁸
3079 3760 3311 3816 Matthtei
3338 3761 3562 3829 apostoli
3591 3772 3646 3818 et

2055 3850 2417 3918 evangelistte.

2128 3939 2315 3993 Florus
2346 3940 2607 4009 praeponit
2639 3941 2689 3995 in
2730 3940 2795 3996 A.
2823 3941 2885 3996 Τ.
2922 3941 2982 3995 L.
3016 3959 3030 3995 :
3060 3941 3115 3996 In
3145 3940 3395 4002 Persida;
3428 3952 3482 3996 et
3511 3943 3639 3996 suh-

2047 4026 2226 4100 jungit
2254 4050 2266 4085 :
2294 4031 2392 4097 Qui
2426 4048 2585 4087 orans
2615 4050 2645 4089 a
2678 4044 2824 4103 tergo
2868 4035 3043 4104 gladio
3086 4038 3393 4104 percutitur.
3444 4036 3508 4090 Et
3547 4052 3638 4093 oc-

2052 4122 2255 4175 cubuit.
2288 4123 2373 4189 D.,
2396 4125 2496 4190 Qui
2534 4140 2720 4193 passus
2752 4138 2832 4181 est
2863 4128 2913 4179 in
2943 4129 3156 4181 civitate
3185 4127 3421 4182 Tharint.

2126 4208 2304 4284 C.,
2341 4212 2474 4284 Alibi
2504 4213 2560 4267 S.
2600 4212 2619 4249 τ
2656 4213 2917 4267 Vincentii
2947 4214 3210 4284 martyris.
3244 4215 3335 4274 A.,
3372 4217 3435 4267 Et
3464 4218 3639 4281 passio

2052 4279 2108 4333 S.
2143 4281 2709 4363 Alexandri-episwpi.
2740 4285 2823 4344 Β..
2852 4284 2903 4337 In
2936 4279 3231 4338 Mediolano
3261 4286 3434 4338 natale
3462 4279 3517 4339 S.
3550 4285 3636 4338 Vi-

2052 4359 2214 4403 ctorts
2242 4359 2506 4420 martyris.

2118 4443 2210 4497 22.
2241 4471 2312 4484 —
2338 4443 2382 4496 Χ
2411 4443 2547 4497 ΚΜ..
2569 4442 2883 4497 Sanctorum
2918 4458 3228 4515 martyrum,
3250 4454 3273 4491 ts
3296 4445 3633 4497 Thebeortttu

2050 4532 2306 4600 Mauricii,
2353 4534 2595 4604 Candidi,
2628 4536 2874 4606 Exuperii
2905 4536 3203 4606 (Iliacusque
3234 4537 3347 4603 8.),
3379 4537 3634 4607 Victoris,

1060 4691 1062 4693 .
1754 4646 1960 4701 SMl'l‘ll
2002 4645 2233 4701 NOTAE.

425 4748 451 4775 ³
487 4739 770 4794 Eustachii.
796 4741 975 4808 Quinti
1001 4741 1330 4795 Turonensis
1354 4738 1608 4807 episcopi.
1655 4740 1807 4794 Hunc
1860 4740 1934 4793 fe-
1966 4743 2149 4809 Dpite
2209 4738 2333 4792 caesi
2383 4738 2692 4809 martyrium
2748 4744 3279 4789 consummaverunt.
3330 4733 3498 4787 PETB.
3557 4750 3628 4790 ne

352 4821 478 4863 runt
520 4811 810 4867 instituisse
857 4813 1257 4889 ecclesias_per
1286 4812 1451 4889 vicos,
1496 4808 1684 4889 Brixis,
1734 4810 1935 4889 lciotlo-

349 4894 514 4943 rum,
565 4882 801 4943 Luccas,
856 4882 1035 4936 Dolus.
1087 4881 1395 4937 Ediﬁcavit
1449 4882 1606 4935 etiam
1653 4881 1933 4935 ecclesiam

351 4951 487 5021 infra
519 4966 699 5004 muros
727 4953 977 5016 civitatis,
1013 4955 1063 5006 in
1093 4969 1192 5021 qua
1241 4952 1492 5019 reliquias
1542 4951 1649 5021 SS.
1687 4950 1929 5003 Gervasii

347 5019 664 5091 etProtasii
696 5024 951 5085 condidit,
995 5019 1122 5091 qute
1158 5024 1213 5078 S.
1265 5024 1484 5075 Martino
1530 5021 1597 5073 de
1635 5020 1780 5074 italia
1811 5030 1935 5091 sunt

349 5087 565 5143 delatae.
598 5091 834 5145 Interfuit
863 5087 1038 5147 autem
1074 5094 1299 5147 concilio
1346 5092 1616 5159 Andcgav.
1648 5105 1772 5146 ann.
1806 5090 1930 5154 455,

347 5167 404 5211 et
432 5161 787 5227 scripsitcum
819 5161 995 5217 Leone
1040 5170 1095 5216 et
1134 5163 1371 5216 Victurio
1418 5161 1694 5228 epistolam
1742 5169 1928 5212 contra

348 5229 573 5283 clericos
598 5231 685 5299 qui
724 5231 790 5285 ad
822 5232 1099 5285 tribunalia
1135 5232 1402 5285 srecularia
1436 5231 1796 5284 recurrebaut.
1826 5231 1922 5282 Se-

349 5299 427 5351 dit
458 5312 633 5354 atttem
664 5316 832 5354 annos
864 5303 927 5355 Π
954 5312 1009 5356 et
1037 5306 1291 5357 successit
1332 5303 1551 5357 Briccio.
1583 5303 1925 5366 sepultusque

346 5379 430 5425 est
479 5372 526 5422 in
579 5373 794 5424 basilica
845 5388 1000 5439 quam
1052 5375 1285 5427 Briccius
1332 5386 1492 5441 super
1536 5371 1595 5426 S.
1646 5370 1921 5423 Martiuum

346 5442 562 5521 struxit.
590 5442 988 5521 CneoLTu-nos.
1018 5460 1074 5521 _x_,
1107 5445 1196 5498 5i.
1388 5511 1400 5521 ι
1580 5510 1591 5521 ο

418 5511 444 5590 ξι
478 5510 721 5590 {feriant
755 5512 829 5590 De
854 5515 952 5590 hoc
972 5515 1282 5590 _vide_supra
1313 5528 1343 5590 tt
1373 5510 1615 5590 Augusti.
1817 5580 1828 5590 .

420 5584 443 5611 ε
476 5578 708 5636 Fausta.
758 5584 926 5637 Grteci
972 5584 1022 5637 in
1074 5578 1370 5651 Menblogio
1410 5578 1502 5636 eos
1530 5583 1709 5635 colunt
1751 5580 1920 5647 pridie

343 5648 523 5723 Nonas
543 5652 801 5707 Januarii.
829 5653 1116 5723 Descripsit
1142 5648 1326 5708 eorum
1352 5658 1480 5707 Acta
1506 5653 1691 5705 Surius
1717 5658 1846 5703 tom.
1873 5651 1912 5715 Ι,

345 5721 439 5799 die
463 5736 519 5799 v_t_
545 5723 835 5799 Februarii.
970 5795 981 5799 _
1192 5797 1201 5799 μ
1354 5794 1366 5799 _
1410 5794 1418 5799 _
1663 5794 1673 5799 _
1731 5790 1763 5799 ..

418 5792 439 5829 ἀ
467 5790 683 5848 Felicia.
717 5795 815 5861 Qui
847 5795 985 5865 apud
1015 5794 1290 5851 Nuceriam
1320 5794 1586 5850 civitatem
1628 5790 1803 5863 gladio
1828 5806 1917 5845 ca-

2045 4805 2251 4885 Nnttc.
2289 4823 2406 4885 v_ttt,_
2436 4805 2524 4885 8ρε
2590 4874 2628 4885 _
2806 4877 2836 4885 __
3218 4874 3267 4885 ..
3308 4884 3313 4885 ,
3388 4874 3400 4885 .

2117 4891 2140 4916 θ
2173 4878 2425 4931 ΜαιιΙιωὶ.
2464 4876 2559 4930 llic
2590 4874 2992 4943 Evangeliorum
3022 4889 3171 4927 suam
3218 4874 3491 4927 historiam
3523 4875 3629 4930 lle-

2048 4950 2227 5005 braice
2270 4948 2505 5015 scripsit,
2552 4955 2608 4998 ut
2652 4954 2797 5015 patet
2845 4962 2907 4999 ex
2941 4945 3155 4999 Eusebii
3190 4944 3332 4997 Eccl.
3368 4944 3500 4997 Ilist.
3545 4961 3621 5008 tu.

2038 5021 2128 5072 24.
2179 5020 2308 5072 Eum
2345 5014 2520 5072 autem
2570 5016 2632 5067 ad
2666 5014 2991 5082 {Ethiopiam
3025 5016 3245 5085 missum
3275 5030 3393 5068 esse
3436 5028 3627 5085 auctor

2039 5099 2123 5143 est
2149 5089 2396 5143 Socrates
2426 5088 2475 5139 iu
2508 5085 2641 5139 Hist.
2676 5102 2713 5147 t,
2750 5086 2832 5136 l9.
2862 5086 2988 5150 Quae
3012 5084 3077 5137 de
3106 5084 3221 5149 ipso
3249 5084 3433 5137 scribit
3462 5085 3619 5139 Nice-

2040 5163 2239 5228 phorus
2282 5174 2335 5221 tt,
2387 5156 2477 5220 41,
2523 5167 2582 5228 ut
2625 5156 3493 5228 commentitiapraetermittimus.
3544 5158 3619 5211 De

2035 5225 2152 5299 ejus
2183 5231 2426 5293 passione
2451 5227 2570 5299 vitl‘e
2589 5228 2743 5299 il’etr.
2772 5225 2840 5299 de
2864 5225 3037 5299 Natat.
3070 5240 3185 5287 vni,
3220 5227 3300 5299 l0.

2113 5298 2130 5337 τ
2175 5300 2446 5353 Vinceutti.
2500 5297 2736 5350 Molanus
2782 5295 2833 5348 itt
2883 5295 3274 5349 Adtlitatuentis
3320 5295 3385 5347 ad
3423 5294 3615 5349 Usuar-

2032 5369 2160 5423 dum
2212 5369 2607 5422 translationem
2658 5368 2814 5433 hujus
2868 5366 3034 5419 sancti
3085 5366 3240 5420 hodie
3270 5376 3437 5417 notat.
3488 5363 3616 5428 Ejus

2030 5448 2171 5494 enim
2216 5440 2404 5491 natalis
2434 5447 2517 5514 est
2548 5438 2662 5514 dies
2692 5452 2779 5491 xw
2823 5435 2964 5514 Julii,
3000 5452 3154 5514 quem
3204 5437 3448 5514 superius
3495 5437 3615 5514 vide

2031 5526 2133 5563 una
2160 5526 2279 5563 cutn
2323 5508 2606 5562 Mahillonii
2637 5524 2764 5561 saec.
2794 5521 2832 5559 tt
2861 5506 2979 5561 Act.
3018 5507 3170 5572 Ben.,
3206 5507 3290 5557 ubi
3340 5505 3456 5573 ejus
3498 5504 3613 5557 Vita

2028 5580 2370 5656 desciibitur.
2524 5646 2558 5656 _\
2631 5647 2679 5656 __
2771 5647 2819 5656 __
3124 5644 3139 5656 ,
3182 5644 3218 5656 η
3296 5644 3306 5656 ,
3393 5644 3404 5656 ,

2100 5655 2125 5692 ε
2156 5649 2491 5726 Tltebeorum.
2524 5646 2599 5701 De
2631 5647 2712 5726 Itis
2737 5647 2856 5701 vide
2894 5647 3063 5726 Vitam
3091 5644 3158 5726 ab
3182 5643 3612 5726 Eucherionlatg—

2029 5720 2254 5774 dunensi
2286 5721 2534 5787 episcopo
2564 5722 2819 5796 scriptam
2846 5729 2953 5796 leta
2984 5716 3139 5796 Surio
3163 5725 3291 5795 tom.
3389 5717 3609 5796 editam.

2030 5790 2247 5847 Frustra
2276 5786 2439 5853 agunt
2468 5789 2938 5855 antituonarcltici,
2968 5788 3055 5856 qui
3083 5786 3287 5857 insigne
3331 5789 3430 5842 hoc
3461 5788 3611 5841 Chri-
