4054 6190
433 369 566 429 1051

1215 362 1415 420 ΒΕΟΑΕ
1459 359 1908 419 VENERABILIS
1947 361 2097 418 OPP.
2137 358 2315 415 PARS
2355 357 2441 412 IV.
2475 386 2544 397 -—
2575 353 2951 411 IIISTORICA.

3567 358 3718 416 1052

1721 476 1950 532 EDITIO
1987 473 2451 533 COLONIENSIS.

431 593 573 644 rum,
605 574 862 642 Mauricii,
892 572 1134 637 Candidi,
1178 571 1445 636 Exuperii,
1477 569 1731 635 Victoris,
1757 570 2010 624 lnnocen-
2043 580 2083 632 Α
2116 569 2305 635 capitis
2331 566 2737 621 decollationem
2787 567 3048 638 suscepit,
3100 577 3339 636 tempore
3395 570 3710 631 Diocletiani

434 670 517 733 tii,
555 668 735 721 Vitalis
762 682 883 721 cum
916 666 1073 719 sociis
1101 664 1234 729 suis,
1268 676 1461 728 nempe
1490 676 1579 715 sex
1616 662 1867 727 millibus,
1899 675 2016 713 sex-

432 762 626 827 centis,
667 774 717 813 et
762 759 1029 827 sexaginta
1062 771 1177 819 sex,
1212 756 1298 821 qui
1348 755 1448 807 sub
1489 753 1807 807 Maximiano
1855 752 2017 820 passi,

438 869 533 921 pro
561 853 775 906 Christo
801 848 1181 919 gloriosissime
1223 844 1463 898 coronati
1495 854 1634 895 sunt.
1672 843 1850 896 Victor
1892 857 2019 895 vero

437 953 658 1011 martyr.
692 958 786 994 nec
835 937 1055 1007 legionis
1086 936 1322 1005 ejusdem
1382 936 1499 997 fuit,
1531 950 1700 1002 neque
1731 934 1901 998 miles,
1928 933 2016 987 sed

435 1034 669 1086 eriteritae
693 1032 801 1097 jam
833 1029 1034 1081 militia:
1066 1037 1368 1080 veteranus.
1417 1025 1512 1077 Hic
1556 1040 1676 1078 cum
1716 1026 1815 1077 iter
1858 1040 2019 1093 agens

437 1124 703 1174 incidis~et
735 1122 783 1172 in
817 1122 928 1180 hos,
962 1120 1049 1187 qui
1084 1120 1277 1184 passim
1307 1117 1654 1182 epulabantur
1686 1116 1789 1169 laeti
1820 1128 2021 1183 marty-

435 1230 549 1267 rum
582 1214 780 1280 spoliis,
808 1223 966 1281 atque
992 1213 1056 1265 ab
1083 1212 1164 1264 his
1196 1210 1259 1263 ad
1291 1212 1717 1263 convescendum
1749 1210 2015 1277 invitatus,

435 1312 692 1379 prolatam
725 1309 790 1363 ab
820 1308 1211 1362 exsultantibus
1259 1323 1353 1378 per
1399 1308 1638 1360 ordinem
1672 1319 1884 1358 causam
1929 1316 2022 1356 co-

431 1408 723 1476 gnovisset,
756 1405 1049 1458 detestatus
1092 1402 1347 1456 convivas
1379 1400 1689 1469 refugiebat.
1741 1398 1841 1467 Qui
1897 1413 2016 1450 mox

432 1498 501 1550 ab
531 1497 607 1550 eis
627 1504 813 1562 captus
841 1504 896 1548 et
923 1494 1191 1562 jugulatus
1219 1502 1319 1554 est,
1353 1506 1414 1545 ac
1440 1491 1650 1546 cmteris
1698 1488 2020 1559 martyribus

437 1587 639 1638 honore
662 1584 977 1652 conjunctus
1004 1592 1106 1637 est.
1143 1586 1210 1636 At
1232 1597 1359 1635 vero
1381 1581 1805 1635 beatissimorum
1830 1587 2023 1647 marty-

435 1688 552 1727 rum
598 1688 822 1741 corpora
879 1682 999 1740 post
1044 1671 1236 1724 multos
1285 1670 1546 1737 passionis
1595 1684 1786 1732 annos,
1838 1678 2022 1721 sancto

434 1762 713 1817 Theodoro
738 1762 987 1830 episcopo
1013 1760 1335 1822 revelantur,
1390 1768 1446 1813 et
1490 1760 1541 1811 in
1589 1758 1789 1812 honore
1834 1772 2019 1811 eorum

435 1851 653 1906 basilica
682 1852 905 1905 honeste
935 1850 1293 1919 componitur.
1324 1847 1476 1917 Apud
1511 1848 1851 1911 Ratisponam
1882 1848 2019 1901 beati

2123 659 2480 725 imperatoris.
2509 659 2554 710 ls
2591 671 2712 713 cum
2737 659 2962 726 quodam
3003 669 3241 726 tempore
3265 662 3604 730 Evangelium
3634 666 3714 720 le-

2122 758 2267 819 geret
2297 749 2347 802 in
2388 748 2609 802 ecclesia
2652 750 2935 803 Mesenatae
2986 752 3239 817 civitatis,
3289 764 3553 820 prasente
3590 757 3711 825 epi-

2122 854 2286 908 scopo
2314 840 2564 894 Januario
2590 841 2919 909 (frequenter
2952 844 3093 895 enim
3125 858 3243 896 eum
3296 860 3390 911 pro
3428 847 3712 901 sanctitate

2123 942 2178 985 et
2218 931 2489 997 prudentia
2534 933 2650 999 ejus
2680 935 2894 987 visitare
2936 938 3307 1003 consueverat)
3361 938 3491 991 vidit
3534 940 3711 995 subito

2126 1022 2269 1076 idem
2300 1023 2576 1090 episcopus
2609 1023 2675 1076 de
2702 1024 2875 1092 capite
2912 1023 3028 1093 ejus
3081 1025 3347 1080 ﬂammam
3398 1042 3707 1097 exsurgere,

2122 1127 2277 1182 quam
2311 1127 2467 1166 nemo
2511 1113 2646 1166 alius
2680 1115 2830 1178 vidit,
2862 1125 2914 1169 et
2946 1118 3317 1184 pronunciavit
3348 1133 3470 1172 eum
3511 1132 3716 1192 marty—

2124 1224 2234 1260 rem
2264 1207 2527 1271 futurum;
2556 1218 2608 1262 et
2637 1224 2739 1262 non
2770 1218 2890 1277 post
2916 1212 3111 1265 multos
3136 1212 3248 1266 dies
3278 1211 3415 1267 idem
3455 1215 3715 1272 diaconus

2123 1308 2321 1363 tentus,
2348 1309 2401 1352 et
2440 1300 2491 1353 in
2524 1315 2796 1354 carcerem
2828 1303 3020 1357 missus
3049 1314 3149 1359 est.
3196 1307 3273 1359 Ad
3307 1322 3460 1375 quem
3488 1309 3713 1363 visitan-

2124 1389 2247 1441 dum
2283 1404 2400 1443 cuin
2434 1389 2666 1445 venisset
2692 1392 2973 1460 episcopus
3022 1408 3141 1448 cum
3192 1395 3414 1449 diacono
3464 1398 3624 1453 Festo
3662 1411 3716 1455 et

2124 1479 2321 1535 lectore
2349 1495 2446 1533 suo
2493 1481 2784 1549 Desiderio,
2831 1492 2885 1537 et
2925 1482 3038 1552 ipse
3066 1500 3186 1538 cum
3213 1487 3291 1539 eis
3329 1486 3486 1541 simul
3536 1497 3715 1544 tentus

2122 1582 2225 1633 est.
2274 1587 2336 1627 ac
2385 1574 2583 1641 pariter
2623 1588 2809 1628 omnes
2850 1590 2968 1629 cum
3002 1576 3118 1629 aliis
3150 1578 3317 1631 tribus
3363 1580 3527 1633 occisi
3566 1589 3712 1635 sunt.

2127 1664 2323 1717 Eodem
2354 1663 2442 1718 die
2473 1666 2645 1718 natale
2684 1676 2882 1719 sancite
2912 1666 3085 1720 Tecla:
3130 1666 3370 1739 virginis,
3400 1670 3467 1724 de
3495 1671 3715 1727 civitate

2126 1754 2322 1819 Iconio,
2342 1771 2459 1823 quae
2480 1771 2506 1808 a
2533 1758 2686 1809 beato
2712 1756 2875 1811 Paulo
2900 1759 3140 1827 apostolo
3168 1760 3418 1814 instructa
3444 1772 3559 1827 est;
3586 1779 3710 1832 quae

2124 1848 2222 1901 sub
2250 1848 2457 1902 Nerone
2489 1850 2809 1915 imperatore
2851 1866 2945 1917 pro
2975 1850 3171 1905 Christi
3217 1853 3430 1907 nomine
3477 1854 3584 1923 igni
3632 1864 3717 1909 est

437 1941 758 1995 Emmerami
786 1941 1015 2009 episcopi
1042 1949 1095 1995 et
1126 1938 1390 2010 martyris,
1424 1938 1506 1993 cui
1537 1939 1869 2008 singulariter
1895 1952 2013 1992 om-
2052 1949 2092 2006 Β
2124 1939 2445 2003 tradita,sed
2475 1955 2579 1992 non
2601 1954 2815 2006 exusm;
2842 1952 3019 2009 postea
3053 1942 3235 1998 bestiis
3264 1954 3422 2013 atque
3444 1948 3712 2014 serpenti-

435 2037 519 2091 nia
551 2036 786 2091 membra
814 2037 1047 2089 abscissa
1075 2044 1219 2089 sunt.

503 2128 569 2184 ϐ.
603 2128 667 2182 IX
698 2127 939 2182 Rau-nvo.
972 2126 1101 2181 Ocr.
1133 2156 1202 2165 —
1234 2125 1414 2179 Natale
1444 2125 1607 2178 sancti
1639 2124 1774 2179 Sosii
1811 2123 2016 2177 diaconi

433 2216 713 2274 Mesenatze
741 2218 975 2272 civitatis
1005 2218 1056 2269 in
1083 2217 1402 2284 Campania;
1429 2217 1516 2285 qui
1546 2232 1667 2269 cum
1692 2227 1831 2270 esset
1854 2231 2024 2269 anno-

432 2322 548 2364 rum
593 2325 699 2363 xxx
741 2324 863 2364 cum
896 2310 1050 2362 beato
1081 2308 1332 2363 Januario
1367 2308 1747 2362 Benevontano
1776 2309 2029 2377 episcopo

2126 2029 2224 2084 bus
2245 2029 2514 2099 deputata.
2545 2032 2637 2086 sed
2669 2046 2697 2083 a
2730 2033 2874 2085 nullo
2896 2048 3082 2087 eorum
3110 2042 3193 2088 est
3237 2036 3394 2100 ltesa;
3430 2039 3494 2090 ad
3536 2051 3716 2092 extre-

2130 2134 2274 2173 mum
2304 2135 2431 2175 vero
2462 2125 2514 2174 in
2543 2121 2785 2177 Seleucia
2809 2137 2928 2176 cum
2957 2123 3148 2192 duplici
3172 2138 3367 2179 corona
3396 2127 3717 2195 virginitatis

2126 2222 2181 2268 et
2212 2213 2448 2283 martyrii
2476 2230 2571 2284 per
2600 2230 2844 2269 somnum
2876 2217 3019 2285 pacis
3046 2217 3289 2284 migravit
3314 2218 3378 2271 ad
3407 2220 3713 2289 Dominum,

2129 2308 2373 2363 Secunda
2404 2310 2699 2379 assumptio
2726 2319 2924 2366 sancta:
2950 2310 3127 2366 Mariae
3164 2311 3402 2383 virginis.

1723 2397 1952 2451 EDITIO
1996 2398 2494 2454 BOLLANDIANA.

433 2493 593 2550 Addit
620 2493 709 2559 Β..
732 2492 863 2548 Cum
894 2492 1011 2546 aliis
1054 2491 1116 2545 Vl
1168 2505 1252 2545 cra
1280 2489 1582 2557 octuaginta
1625 2489 1857 2557 quinque
1889 2505 2029 2543 mar-

438 2582 663 2653 tyribus.

504 2676 634 2739 Quae
680 2689 707 2725 a
753 2673 911 2727 Floro
950 2673 1001 2725 in
1048 2674 1113 2729 A.
1157 2672 1222 2726 Τ.
1274 2670 1335 2724 L.
1381 2672 1459 2725 sic
1488 2670 1861 2739 explicantur:
1894 2670 2026 2726 Cum

432 2767 592 2821 sociis
621 2780 843 2835 quorum
873 2765 1110 2817 omnium
1156 2774 1409 2816 numerus
1456 2777 1549 2817 sex
1581 2762 1745 2814 millia
1787 2762 2025 2816 sexcenti

431 2858 704 2927 sexaginta
752 2872 845 2911 sex
888 2855 1049 2911 luisse
1092 2854 1289 2909 dicitur
1328 2854 1416 2923 qui
1451 2869 1544 2921 pro
1574 2851 1770 2908 Christi
1805 2855 2022 2909 nomine

434 2964 623 3006 omnes
669 2951 864 3018 pariter
901 2948 1053 3018 jussu
1087 2947 1387 3001 Maximiani
1418 2946 1643 3000 Cmsaris
1689 2946 1867 3015 gladio
1895 2955 2022 3001 sunt

437 3043 699 3099 interfecti
752 3061 764 3095 :
814 3051 869 3095 et
918 3041 1257 3111 praemittitur
1308 3058 1319 3092 :
1370 3039 1522 3109 Apud
1575 3041 1851 3109 Agaunum
1898 3054 2016 3109 pas-

432 3135 536 3196 sio.
560 3144 666 3190 etc.

508 3223 568 3277 V.
604 3232 719 3291 post
752 3222 996 3283 Victoris,
1024 3221 1200 3274 addit:
1221 3219 1532 3287 Innocentii,
1560 3220 1746 3291 Vitalis
1774 3235 1896 3291 cum
1927 3235 2017 3273 so-

2134 2491 2510 2562 vitun,‘statim
2538 2491 2880 2559 profanorum
2905 2494 3053 2547 turba
3081 2494 3332 2557 vallatur;
3366 2512 3507 2562 quae,
3537 2508 3715 2556 utrum

2135 2560 2473 2635 Christianus
2485 2572 2657 2635 esset,
2694 2564 3015 2635 respondere
3062 2566 3339 2619 minaciter
3358 2560 3508 2635 jubet
3539 2586 3555 2621 :
3586 2585 3711 2626 mox

2133 2630 2407 2704 confessus
2436 2632 2703 2704 Christum
2731 2632 2941 2699 junctus
2971 2644 3051 2687 est
3082 2630 3422 2704 martyribus.

2211 2700 2293 2763 V.,
2328 2701 2511 2754 Romae
2556 2702 2613 2756 8.
2652 2702 2831 2770 Dignaa
2861 2714 2915 2757 et
2943 2704 3163 2757 Meritus.
3200 2700 3283 2771 8.,
3318 2707 3495 2761 Romae
3534 2712 3717 2766 natale

2133 2768 2191 2825 S.
2225 2772 2250 2799 ⁸
2282 2771 2494 2825 Babillze
2521 2781 2573 2825 et
2595 2772 2651 2827 S.
2682 2768 2922 2841 b'Dignte
2947 2785 3000 2828 et
3026 2775 3246 2831 Mei-itte.

2202 2859 2292 2915 23.
2326 2890 2396 2901 —
2436 2861 2504 2917 IX
2547 2863 2679 2918 ΚΑι..
2712 2864 2897 2919 Natale
2926 2864 2983 2920 8.
3018 2866 3160 2921 Sosii
3189 2866 3393 2922 diaconi
3423 2869 3716 2927 Mesenatz

2126 2952 2354 3007 civitatis
2393 2953 2446 3007 in
2485 2954 2771 3023 Campania
2806 2973 2818 3008 :
2849 2956 2961 3023 qui,
2993 2972 3115 3011 cum
3145 2966 3290 3012 esset
3316 2974 3581 3013 annorum
3614 2964 3713 3015 tri-

2125 3044 2291 3114 ginta,
2341 3046 2651 3115 martyrium
2689 3061 2808 3101 cum
2859 3047 2919 3100 Β.
2964 3046 3221 3104 Januario
3267 3048 3553 3105 Beneventi
3593 3052 3714 3119 epi-

2125 3149 2291 3205 scopo
2319 3137 2506 3206 capitis
2534 3136 2891 3193 decollatione
2931 3142 3169 3208 suscepit
3215 3151 3456 3208 tempore
3496 3141 3711 3197 Diocle—

2125 3226 2251 3280 tiani
2305 3227 2660 3295 imperatoris.
2712 3230 3018 3301 ("namque
3068 3231 3155 3301 ι..)
3208 3232 3256 3287 ls
3302 3247 3421 3288 cum
3472 3243 3713 3302 tempore

433 3292 935 3391 ﬁeﬂﬁi'IJFp
965 3291 1101 3391 ff"):
1152 3291 1490 3344 ¹¹¹¹¹⁰θθ¹¹¹ί¹¹³
1536 3300 1591 3346 et
1631 3290 1812 3343 νί¹³¹¹ί⁸
1860 3292 2014 3343 “iam
2046 3308 2092 3369 C
2123 3315 2352 3383 quodam
2404 3290 2749 3388 Evangeiium
2798 3290 2998 3391 legeret
3048 3321 3099 3375 in
3137 3290 3372 3377 ecclesia
3426 3290 3712 3380 Mesenen

434 3365 775 3417 nominantur
803 3362 852 3414 in
885 3366 947 3415 Δ.
974 3372 1029 3414 et
1053 3363 1112 3414 υ.

509 3434 568 3486 Β.
603 3431 825 3500 plenius,
859 3432 937 3485 sic
969 3439 1024 3483 ut
1050 3443 1327 3499 propterea
1358 3433 1499 3488 credi
1534 3438 1710 3498 posset
1741 3431 1842 3485 hoc
1871 3430 2013 3485 Mar-

433 3504 751 3574 tyrologium
791 3502 857 3574 ad
895 3516 1043 3553 usum
1085 3504 1415 3571 Agaunensis
1447 3500 1775 3574 monasterii,
1808 3512 1896 3574 aut
1937 3502 2014 3554 al-

433 3572 599 3643 terius
643 3573 888 3643 eamdem
938 3576 1165 3643 tenentis
1210 3574 1444 3643 regulam
1496 3572 1753 3643 scriptum
1804 3572 2011 3643 luisse:

434 3642 489 3695 In
541 3642 706 3695 Gallia
755 3641 1022 3705 Sedunis,
1071 3640 1292 3696 civitate
1332 3642 1563 3697 Senocto
1612 3640 2011 3703 Dorovallense,

431 3713 551 3767 loco
581 3716 821 3780 Agauno,
859 3710 1033 3775 passio
1062 3722 1367 3766 sanctorum
1409 3712 1746 3765 Thebeorum
1789 3721 2015 3780 imarty-

431 3798 546 3835 rum
578 3779 835 3845 Mauricii,
873 3781 1145 3847 Exuperii,
1173 3783 1416 3849 Candidi,
1443 3780 1756 3843 Innocentii,
1786 3779 2013 3834 Victoris

428 3862 485 3905 et
524 3852 707 3905 Vitalis
750 3867 870 3906 cum
917 3851 1077 3904 sociis
1120 3869 1304 3905 eorum
1348 3867 1438 3906 sex
1472 3851 1706 3905 millibus
1747 3853 2013 3904 sexcentis

430 3924 699 3987 sexaginta
750 3936 877 3985 sex,
932 3922 1031 3974 sub
1080 3921 1405 3976 Diocletiano
1448 3932 1504 3976 et
1553 3920 1891 3974 Maximiano.
1949 3920 2013 3973 lli

430 3992 653 4044 accincti
686 3999 945 4043 venerunt
976 3991 1025 4042 in
1059 3993 1311 4045 auxilium
1357 3992 1732 4051 Maximiliano,
1766 4005 1888 4042 cum
1920 3990 2015 4044 de-

430 4064 724 4115 stinaretur
754 4060 803 4111 in
837 4062 1261 4127 persecutionem
1303 4062 1749 4115 Christianorum.
1788 4061 1850 4111 Iit
1889 4074 2010 4113 cum

431 4146 534 4183 non
566 4132 734 4184 solum
776 4130 930 4183 idolis
976 4132 1302 4195 sacriﬁcare,
1342 4131 1435 4185 sed
1475 4132 1632 4183 etiam
1684 4128 2013 4185 Christianos

432 4203 675 4268 persequi
709 4210 1037 4264 recusarent,
1069 4205 1305 4255 secundo
1329 4210 1383 4255 et
1408 4202 1565 4255 tertio
1588 4201 1833 4253 decimati
1865 4212 2009 4254 sunt.

430 4270 535 4326 Sed
564 4273 833 4323 eoiitcntio
866 4273 1002 4323 inter
1030 4286 1123 4323 eos
1154 4274 1343 4335 oritur,
1374 4287 1474 4340 qua
1506 4271 1719 4324 obvium
1766 4285 1825 4323 se
1868 4269 2012 4338 quis-

427 4355 534 4411 que
560 4343 822 4411 praebens,
856 4350 1001 4407 optat
1026 4357 1145 4395 esse
1174 4345 1432 4396 decimus.
1470 4342 1544 4393 Ad
1580 4342 1823 4392 ultimum
1856 4346 2012 4394 tertio

428 4425 585 4465 causa
612 4410 852 4476 justitize,
894 4413 988 4463 sed
1020 4413 1274 4479 depositis
1320 4412 1505 4473 armis,
1540 4411 1777 4464 cervices
1824 4425 2008 4478 perse-

429 4481 702 4534 cutoribus
736 4481 1052 4547 pra-bentes,
1086 4483 1165 4533 vel
1194 4483 1446 4534 intectum
1479 4496 1672 4547 corpus
1703 4482 2008 4542 oll‘exentes,

427 4549 598 4619 ipsum
640 4555 814 4603 Solum
849 4550 1247 4605 reminiscentes
1273 4552 1536 4615 conliteri,
1570 4551 1655 4618 qui
1686 4552 1749 4600 ad
1781 4550 2010 4602 occisio-

427 4636 549 4674 nem
595 4622 782 4673 ductns
830 4632 913 4673 est
956 4632 1201 4688 tanquam
1244 4636 1409 4688 agnus
1451 4630 1503 4672 et
1545 4638 1646 4672 non
1695 4619 1897 4687 aperuit
1947 4635 2006 4673 os

427 4705 612 4755 suum;
662 4691 758 4757 ipsi
804 4705 1013 4759 quoque
1059 4702 1302 4759 tanquam
1335 4707 1461 4759 grex
1492 4691 1705 4743 domini.
1730 4705 1789 4742 us
1822 4690 2005 4743 laniari

425 4776 487 4815 se
542 4764 918 4828 permiserunt,
969 4771 1020 4814 et
1070 4771 1318 4828 tanquam
1372 4764 1438 4815 ab
1489 4761 1813 4815 irruentibus
1869 4760 2008 4825 lupis

354 4842 364 4851 ⁴
426 4832 564 4895 passi
612 4840 755 4883 sunt.
812 4831 989 4883 Victor
1039 4840 1212 4884 autem
1261 4847 1447 4895 senex,
1498 4836 1585 4899 qui
1637 4847 1735 4884 nec
1785 4833 2008 4898 legionis

425 4901 571 4955 illius
613 4900 729 4965 fuit,
770 4901 1016 4968 fatigatus
1048 4902 1097 4954 in
1129 4902 1317 4953 itinere
1362 4904 1425 4952 ad
1458 4912 1876 4956 contaminatum
1905 4916 2001 4952 (3:13-

423 4972 578 5023 dibus
604 4972 774 5024 locum
807 4974 995 5023 ductus
1022 4982 1123 5033 est,
1158 4981 1210 5026 et
1237 4973 1361 5024 dum
1391 4975 1454 5023 ad
1484 4973 1667 5037 epulas
1698 4986 1794 5041 pro
1835 4971 2007 5023 aetatis

421 5044 768 5094 veneratione
824 5054 1128 5109 rngaretur,
1187 5050 1240 5094 et
1294 5056 1508 5094 causam
1571 5046 2005 5107 inlCl‘emplttl'lllll

422 5125 704 5179 Corporum
750 5113 1107 5179 cognovisset,
1140 5113 1430 5166 detestatus
1461 5116 1710 5165 convivas
1738 5121 1789 5165 et
1820 5110 2006 5164 convi-

2119 3406 2372 3472 civitatis,
2419 3419 2683 3477 praesente
2721 3412 2971 3481 episcopo
3014 3422 3036 3452 ε
3082 3413 3358 3480 Januario,
3406 3417 3712 3486 frequenter

2119 3499 2262 3553 enim
2289 3514 2414 3554 eum
2445 3515 2542 3570 pro
2586 3503 2869 3558 sanctitate
2915 3514 2967 3558 et
3014 3506 3290 3570 prudentia
3340 3506 3455 3574 ejus
3495 3506 3711 3561 visitare

2118 3599 2494 3655 consueverat,
2526 3592 2661 3647 vidit
2704 3594 2881 3648 subito
2932 3596 3070 3649 idem
3110 3598 3396 3665 episcOpus
3425 3597 3495 3653 de
3538 3602 3709 3669 capite

2117 3679 2234 3748 ejus
2263 3680 2532 3736 ﬂammam
2563 3698 2873 3754 exsurgere,
2903 3701 3060 3755 quam
3108 3702 3265 3742 nemo
3290 3688 3424 3742 alius
3457 3689 3622 3752 vidit;
3653 3700 3706 3745 et

2120 3771 2503 3839 praenuntiavit
2551 3788 2674 3828 eum
2724 3785 3013 3847 martyrem
3059 3776 3316 3833 futurum.
3351 3779 3418 3833 Et
3448 3790 3568 3848 post
3601 3795 3705 3835 non

2118 3862 2311 3917 multos
2357 3863 2475 3918 dies
2528 3864 2669 3919 idem
2717 3866 2972 3922 diaconus
3026 3877 3202 3923 tentus
3248 3881 3303 3925 et
3339 3871 3390 3924 in
3427 3885 3704 3927 carcerem

2117 3953 2309 4007 missus
2337 3962 2439 4009 est.
2477 3954 2557 4008 Ad
2603 3971 2759 4025 quem
2791 3958 3111 4012 visitandum
3141 3973 3264 4015 cum
3313 3960 3550 4015 venisset
3590 3962 3707 4029 epi-

2115 4060 2309 4115 scopus
2336 4061 2461 4100 cum
2491 4048 2717 4103 diacono
2744 4064 2843 4102 suo
2872 4050 3032 4103 Festo
3059 4059 3111 4105 et
3133 4052 3333 4107 lectore
3360 4066 3461 4106 suo
3491 4052 3707 4108 Deside-

2116 4138 2218 4202 rio,
2246 4150 2299 4193 et
2330 4139 2443 4207 ipse
2483 4154 2601 4193 cum
2638 4154 2705 4195 eo
2750 4144 2909 4195 simul
2944 4154 3139 4208 tentus,
3172 4158 3235 4199 ac
3263 4146 3462 4212 pariter
3492 4159 3704 4212 omnes,

2114 4243 2235 4282 cum
2274 4229 2396 4282 aliis
2440 4229 2629 4293 tribus,
2682 4231 2846 4286 occisi
2891 4242 3033 4288 sunt.
3078 4233 3278 4287 Eodem
3310 4234 3399 4289 die
3441 4235 3620 4290 natale
3643 4234 3704 4291 8.

2116 4316 2333 4372 Thecla:
2368 4318 2587 4395 virginis
2614 4320 2664 4373 in
2696 4321 2913 4375 Oriente
2943 4322 2994 4375 in
3028 4322 3205 4377 Iconio
3231 4324 3446 4379 civitate
3480 4342 3495 4378 :
3526 4340 3648 4394 qua
3672 4340 3701 4378 a

2114 4408 2280 4463 Paulo
2306 4411 2549 4477 apostolo
2579 4400 2836 4465 instructa
2866 4415 2917 4466 in
2944 4414 3284 4469 confessione
3306 4415 3528 4479 Christi,
3557 4418 3705 4485 ignes

2114 4514 2179 4553 ac
2230 4500 2430 4555 bestias
2470 4501 2670 4556 devicit
2699 4518 2713 4556 :
2762 4513 2813 4558 et
2844 4514 2961 4573 post
2989 4506 3153 4559 multa
3189 4506 3482 4561 certamina
3507 4508 3574 4561 ad
3601 4508 3703 4561 do-

2114 4593 2314 4648 ctrinas
2364 4595 2675 4661 multorum,
2723 4596 2944 4653 veniens
2994 4596 3292 4653 Seleuciam
3344 4599 3611 4670 requievit
3650 4602 3701 4654 in

2040 4675 2087 4734 D
2114 4697 2265 4752 pace.

2182 4774 2375 4828 Florus
2421 4775 2472 4829 in
2514 4776 2579 4831 Α.
2612 4779 2675 4833 Τ.
2709 4777 2772 4832 L.
2812 4798 2823 4833 :
2859 4780 3057 4835 Eodem
3096 4781 3181 4836 die
3213 4782 3397 4837 Roma:
3429 4781 3487 4839 S.
3522 4784 3551 4820 τι
3580 4781 3698 4838 Liui

2113 4883 2261 4938 papa:
2299 4878 2351 4923 et
2396 4872 2648 4941 martyris
2680 4890 2691 4923 :
2723 4873 2811 4940 qui
2860 4873 3127 4927 secundus
3171 4886 3287 4943 post
3326 4874 3541 4928 Petrum
3585 4875 3703 4928 Ro-

2116 4973 2324 5011 manam
2358 4959 2651 5014 Ecclesiam
2686 4977 2878 5017 novem
2909 4965 3065 5019 annis
3088 4979 3301 5035 regens,
3332 4974 3575 5034 tempore
3598 4965 3701 5019 Ne-

2112 5049 2256 5102 ronis
2283 5052 2538 5121 martyrio
2568 5062 2859 5109 coronatus
2886 5064 2988 5110 est.

3197 5144 3220 5182 5

1822 5201 2027 5256 SMlTll
2070 5199 2299 5256 ΝΟΤιΕ.

418 5292 713 5347 stiannrum
748 5293 1012 5359 patientize
1040 5293 1139 5346 sub
1188 5292 1515 5360 principibus
1568 5295 1807 5361 tyrannis
1857 5295 2003 5347 testi-

420 5365 654 5417 mnnium
687 5366 863 5417 lietqu
910 5364 1216 5429 nullumque
1244 5363 1471 5432 probare
1504 5372 1617 5417 toto
1659 5363 1822 5418 Marte
1849 5379 1998 5417 sum-

418 5450 611 5503 moque
642 5434 818 5486 studio
845 5436 1151 5503 moliuntur.

489 5512 517 5542 ι
546 5502 781 5558 Βαὺὶιιιε.
835 5502 1034 5557 Forsan
1078 5503 1306 5557 Basilina.
1335 5503 1465 5570 Qua:
1494 5502 1641 5572 juxta
1692 5502 1997 5573 Hieronymi

418 5572 689 5643 Martyrol.
742 5576 946 5641 sepulta
993 5584 1075 5628 est
1123 5574 1305 5627 iturum
1338 5578 1420 5628 via
1450 5574 1674 5638 Salaria,
1707 5574 1758 5628 in
1801 5572 1999 5630 cmine-

416 5646 551 5696 terio
571 5644 833 5710 ejusdem.

423 5775 434 5785 .
488 5711 516 5746 δ
551 5712 751 5785 Digitis.
778 5714 1102 5785 Passagsunt
1138 5713 1302 5785 hacin
1333 5715 1703 5783 persecutione
1731 5714 1993 5769 Valeriani

421 5781 547 5848 imp.
580 5782 679 5833 sub
706 5781 840 5836 Gaio
861 5782 1064 5853 judice,
1090 5781 1422 5855 septtltteque
1451 5794 1575 5842 sunt
1603 5785 1653 5839 in
1684 5787 1994 5841 mmeterio

2106 5290 2471 5346 Commodillaz
2493 5291 2575 5343 via
2600 5289 2829 5345 Ostiensi
2856 5290 2921 5345 ad
2947 5290 3007 5347 S.
3036 5289 3265 5346 Felicem
3288 5296 3345 5344 et
3368 5288 3694 5346 Adauctum.

2110 5363 2372 5417 Banostus
2402 5363 2453 5415 in
2486 5362 2650 5414 Notis.

2180 5437 2201 5464 ε
2232 5432 2508 5487 Januario.
2540 5430 2705 5500 llujus
2739 5430 2931 5484 natalis
2976 5430 3279 5487 celebratur
3323 5446 3483 5498 supra
3528 5446 3561 5484 x
3605 5430 3697 5485 die

2106 5501 2263 5569 hujus
2308 5505 2539 5568 mensis,
2585 5501 2671 5555 ubi
2711 5500 2771 5556 S.
2816 5503 3003 5557 Sosius
3027 5517 3148 5556 cum
3174 5517 3240 5555 eo
3280 5501 3437 5555 simul
3482 5515 3692 5557 mento.

2119 5592 2128 5601 .
2190 5591 2201 5623 ι
2256 5614 2268 5627 ,

2103 5585 2377 5697 ’θξιηιίηι
2426 5642 2485 5698 S.
2536 5641 2697 5696 Linus
2728 5658 2860 5710 papa
2904 5658 3009 5697 non
3040 5658 3179 5695 anno
3207 5641 3299 5705 80,
3331 5651 3389 5695 ut
3432 5642 3689 5696 Baronins

2100 5716 2447 5776 existimavit,
2471 5715 2562 5767 Sed
2590 5729 2732 5766 anno
2756 5712 2820 5766 0'7
2848 5713 2912 5766 ad
2940 5715 3212 5767 cmlesteitt
3238 5713 3459 5780 patriam
3492 5715 3685 5780 migra-

2102 5786 2191 5854 vit,
2228 5795 2284 5841 ut
2330 5784 2494 5854 liquet
2541 5798 2607 5839 ex
2643 5783 2909 5839 Chronico
2942 5783 3173 5851 Damasi,
3219 5784 3269 5835 in
3302 5797 3407 5851 quo
3446 5782 3678 5837 dicitur:
