4054 6190
412 365 550 423 1055

1526 358 1718 410 SECT.
1760 356 1911 409 Il.—
1949 352 2508 410 MARTYROLOCIA.

3502 356 3639 414 1055

1643 466 1866 521 EDI'I'IO
1903 465 2368 523 COLONIENSIS.

478 571 542 623 A.
578 567 686 622 VIII
714 566 952 620 Kacea‘o.
983 565 1116 618 Ocr.
1137 590 1207 603 -
1235 558 1520 624 Conceptio
1548 557 1713 610 sancti
1754 556 1969 610 Joannis
2001 560 2045 614 Α
2075 556 2125 609 in
2153 559 2479 624 cpisciipatii,
2501 558 2742 626 migravit
2771 558 2835 612 ad
2861 559 3155 613 Dominum.
3184 560 3361 612 Romae
3390 561 3641 616 Priscill:e

408 660 675 725 Baptista.
710 655 1091 719 Augustuduni)
1132 653 1303 706 natale
1346 648 1604 703 Andocliii
1654 645 1965 715 presbyteri,

406 750 561 822 'I'yrsi
591 748 819 807 diaconi,
851 754 905 799 et
930 744 1139 806 Felicis,
1169 744 1255 809 qui
1287 760 1314 797 a
1342 751 1524 796 sancto
1549 743 1839 809 Polycarpo
1859 739 1970 805 epi-

402 860 567 912 scoiio
594 844 660 895 ab
686 842 887 895 oriente
924 840 1108 892 directi
1160 839 1222 891 ad
1270 838 1559 890 docendam
1600 834 1842 895 Galliam,
1872 833 1971 910 sub

405 934 691 990 Aureliano
721 930 958 998 principe
1005 936 1128 981 sunt
1179 927 1555 994 gloriosissime
1601 925 1855 976 coronati.
1883 923 1971 976 Si-

404 1026 615 1094 quidem
650 1022 867 1092 ﬂagellis
896 1018 1039 1079 caesi.
1072 1019 1121 1070 in
1151 1017 1332 1069 ultimo
1363 1026 1465 1071 tela
1493 1015 1578 1066 die
1609 1012 1829 1065 inwrsis
1861 1025 1972 1063 ma-

406 1119 559 1172 nibus
584 1113 844 1183 suspensi,
878 1112 929 1163 in
985 1112 1155 1176 ignem
1210 1106 1375 1167 missi,
1408 1104 1499 1157 sed
1541 1118 1641 1155 non
1688 1101 1970 1163 combusti,

405 1191 612 1260 tandem
646 1203 884 1256 vectibus
913 1200 1045 1252 colla
1076 1198 1349 1254 leriiintiir,
1377 1204 1532 1258 atque
1562 1192 1628 1242 ita
1660 1191 1968 1259 martyrium

402 1312 555 1351 Suum
600 1293 1014 1361 compleverunt.
1064 1289 1257 1341 Eodem
1304 1285 1388 1339 die
1434 1283 1692 1352 depositio
1720 1281 1972 1335 solemnis

400 1386 654 1455 episcopi.
690 1384 782 1436 llic
806 1398 921 1434 cum
949 1379 1171 1448 quadam
1202 1380 1285 1431 ilic
1314 1376 1527 1429 obvium
1557 1375 1774 1427 haberet
1804 1372 1972 1425 homi-

402 1493 522 1532 nem
551 1493 578 1528 a
608 1474 880 1527 nativitate
925 1487 1120 1524 mecum
1150 1480 1205 1525 et
1234 1470 1471 1532 surdum,
1516 1482 1634 1520 eum
1666 1467 1973 1535 complexus

400 1566 559 1627 collo,
598 1563 863 1617 Osculatiis
904 1570 1004 1622 est,
1042 1568 1094 1610 et
1134 1558 1308 1611 statim
1363 1573 1548 1610 sanum
1599 1555 1844 1610 reddidit.
1880 1556 1972 1609 llic

401 1654 558 1707 etiam
633 1649 1033 1703 Carnotensium
1078 1647 1354 1711 episcopus
1422 1645 1744 1698 Ludovicum
1794 1658 1970 1713 regem

399 1758 520 1800 cum
569 1745 814 1799 trecentis
843 1742 1176 1811 septuaginta
1226 1737 1489 1790 nobilibus
1532 1752 1685 1790 sacro
1719 1736 1862 1789 fonte
1891 1752 1971 1788 re-

400 1838 671 1908 generavit
697 1855 707 1890 :
739 1838 919 1905 sicque
948 1834 1037 1887 Dei
1059 1840 1274 1886 sanctus
1304 1838 1411 1885 tres
1432 1828 1761 1898 olympiades
1782 1843 1973 1896 gerens

2073 656 2125 699 et
2167 646 2357 701 Liberii
2387 650 2616 715 episcopi
2646 660 2698 703 et
2728 651 3065 706 confessoris.
3096 654 3345 705 Arvernis
3384 655 3642 722 depositio

2077 735 2272 790 Rustici
2302 737 2535 803 episcopi
2566 746 2619 791 et
2647 740 2813 792 sancti
2842 739 3055 807 Ruperti
3085 741 3423 795 confessoris.

2146 829 2204 882 Β.
2240 831 2323 883 VII
2353 829 2590 885 KALEND.
2622 832 2756 885 Oi‘xr.
2786 860 2857 872 —
2885 833 3064 886 Natale
3093 834 3228 888 beati
3257 832 3527 900 Cleopbm,
3552 834 3640 900 qui

2076 934 2209 972 unus
2242 919 2335 971 fuit
2366 920 2432 973 de
2463 922 2793 988 septuaginta
2841 922 3113 987 discipulis
3141 923 3332 974 (Ihristi
3353 965 3368 987 ,
3397 924 3482 976 cui
3525 932 3642 989 post

2075 1011 2517 1063 resurrectionem
2572 1011 2841 1075 Dominus,
2877 1015 3017 1065 eunti
3070 1028 3187 1064 cum
3239 1014 3341 1067 alio
3378 1016 3641 1066 condisci.

2074 1101 2198 1166 polo
2246 1102 2295 1153 in
2344 1102 2618 1156 casti-Ilum
2674 1103 2945 1165 Eiumaus,
2992 1104 3129 1171 quod
3185 1105 3449 1171 Nicopolis
3503 1120 3643 1158 nunc

2075 1192 2285 1255 dicitur,
2316 1193 2580 1258 apparuit.
2618 1194 2784 1258 Quem
2818 1196 3029 1246 tradunt
3061 1195 3110 1247 in
3141 1196 3323 1248 eadem
3370 1197 3532 1259 urbe,
3588 1196 3639 1247 in

2073 1283 2368 1351 eademque
2410 1284 2590 1345 dumo,
2639 1286 2690 1338 in
2743 1300 2840 1351 qua
2889 1302 3123 1338 mensam
3170 1289 3316 1355 quasi
3364 1290 3641 1354 peregrino

2081 1370 2300 1425 Domino
2352 1387 2661 1439 paraverat.
2711 1389 2804 1440 pro
2844 1375 3174 1429 confessione
3219 1377 3356 1431 illius
3384 1392 3538 1443 quem
3572 1377 3639 1430 ibi

2078 1466 2190 1531 ipse
2216 1472 2554 1531 cognoverat,
2589 1480 2616 1517 a
2659 1464 2855 1519 Iudaeis
2891 1469 3146 1530 occisum,
3176 1475 3228 1520 et
3269 1465 3497 1533 glmiosa
3529 1481 3644 1519 me-

2076 1558 2239 1609 moria
2267 1556 2425 1609 etiam
2451 1557 2733 1621 sepultum.
2758 1555 3011 1624 Lugduno
3038 1556 3203 1608 sancti
3230 1556 3355 1622 Lupi
3382 1555 3640 1622 episeopi,

2076 1662 2141 1701 ex
2172 1646 2525 1707 anaclioretis,
2559 1654 2609 1699 et
2636 1646 2809 1701 natale
2837 1649 3000 1698 sancti
3044 1645 3257 1697 Firmini
3289 1645 3552 1712 ma'tyris.
3587 1644 3640 1697 In

2077 1739 2195 1790 Asia
2229 1738 2586 1797 Bardomiani.
2633 1737 2853 1802 Eucarpi
2897 1748 2947 1791 et
2978 1738 3198 1789 aliorum
3238 1736 3417 1805 viginti
3449 1751 3568 1790 sex.

2145 1828 2203 1882 C.
2252 1829 2310 1882 Vl
2372 1830 2608 1883 Kauzso.
2650 1829 2781 1883 Ocr.
2823 1858 2894 1869 —
2930 1828 3111 1882 Natale
3156 1839 3453 1882 sanctorum
3503 1842 3646 1881 mar-

1641 1940 1869 1996 EDITIO
1911 1941 2414 1997 BOLLANDIANA.

472 2055 538 2111 V.
566 2053 651 2122 C.,
681 2054 863 2108 Romae
887 2050 1145 2120 depositio
1170 2051 1226 2105 S.
1252 2059 1275 2085 ’λ
1306 2049 1500 2104 Liberii
1533 2051 1793 2118 episc0pi.

470 2165 652 2221 24.—
671 2165 775 2219 VIII
808 2164 939 2218 ΚΑι..
967 2162 1252 2231 Conceptio
1278 2163 1333 2218 8.
1358 2163 1575 2216 Joannis
1606 2164 1878 2231 Baptism.
1909 2165 1973 2219 Et

400 2260 455 2315 in
510 2256 892 2326 Aiigustoduno
969 2255 1139 2309 natale
1191 2253 1247 2308 S.
1306 2254 1567 2307 Andocliii
1632 2255 1969 2325 presbyteri,

401 2348 590 2421 Thyrsi
632 2348 872 2411 diaconi,
921 2355 975 2398 et
1016 2344 1203 2397 Felicis
1235 2361 1247 2397 :
1278 2345 1363 2412 qui
1408 2360 1435 2395 a
1475 2346 1530 2397 8.
1575 2345 1867 2415 Polycarpo
1906 2346 1973 2400 ab

399 2442 613 2497 Oriente
642 2440 825 2493 directi
858 2438 922 2491 ad
951 2436 1249 2490 docendum
1281 2436 1505 2489 Galliam
1549 2437 1648 2488 sub
1687 2438 1972 2490 Aureliano

400 2534 641 2603 principe
676 2541 799 2585 sunt
840 2529 1225 2600 gloriosissime
1255 2530 1516 2582 coronati.
1559 2528 1828 2596 Siquidem
1870 2528 1969 2582 Ila-

400 2622 557 2694 gellis
590 2621 736 2686 cassi,
766 2622 814 2673 iu
846 2621 1031 2674 ultimo
1062 2628 1171 2673 tota
1214 2619 1300 2673 die
1339 2619 1563 2673 inversis
1593 2619 1832 2672 manibus
1854 2634 1971 2671 sus-

401 2713 572 2783 pensi,
606 2713 657 2766 in
689 2713 863 2781 ignem
894 2712 1063 2775 missi,
1113 2710 1205 2764 sed
1253 2724 1357 2763 non
1404 2710 1702 2773 combusti;
1754 2708 1968 2762 tandem

400 2804 638 2858 vectibus
676 2802 810 2856 colla
860 2800 1140 2855 feriuntur.
1174 2798 1271 2854 Ubi
1303 2799 1331 2838 b
1364 2799 1803 2866 Sympborianus,
1846 2808 1969 2851 tunc

400 2894 582 2963 viginti
612 2907 893 2955 annorum,
925 2890 1014 2959 qui
1044 2900 1227 2957 postea
1258 2904 1442 2958 passus
1463 2900 1562 2953 est,
1594 2902 1802 2954 semper
1829 2886 1964 2955 vigi-

400 2983 501 3037 lias
530 2990 587 3037 et
615 2982 885 3036 orationes
913 2981 1119 3049 agebat.

473 3094 533 3149 Β.
562 3094 624 3147 V.
656 3091 744 3153 C.,
772 3093 906 3146 Alibi
934 3091 1194 3157 depositio
1230 3099 1249 3127 ε
1285 3088 1482 3144 Rustici
1511 3086 1761 3155 episcopi.
1784 3085 1845 3139 Τ.
1881 3085 1965 3157 L.,

400 3165 597 3219 Eodem
628 3165 714 3217 die
741 3164 995 3231 Lugdttno
1010 3156 1277 3227 depositio
1303 3163 1361 3216 S.
1390 3158 1415 3196 ά
1444 3160 1577 3229 Lupi
1602 3158 1853 3227 episcopi.
1880 3156 1967 3221 8.,

402 3237 465 3288 Et
492 3235 727 3288 reveisio
753 3245 947 3286 sancta:
979 3232 1172 3284 crucis.

464 3343 556 3399 ‘25.
579 3374 653 3387 —
682 3344 768 3397 VII
800 3342 931 3405 ΚΑι..
966 3342 1128 3397 Vacat
1158 3339 1329 3395 Baeda.

2002 2056 2044 2113 Β
2145 2053 2329 2107 Florus
2362 2056 2411 2107 in
2442 2054 2503 2107 Δ.
2534 2053 2595 2108 Τ.
2625 2054 2709 2118 L.,
2739 2054 2794 2108 In
2825 2055 3096 2111 Ambianis
3119 2057 3351 2120 civitate,
3375 2058 3638 2126 depositio

2079 2143 2136 2197 S.
2171 2152 2193 2179 ⁸
2229 2144 2441 2196 Fiiiiiini
2471 2142 2704 2212 episcopi
2735 2156 2787 2199 et
2814 2147 3060 2215 martyris
3089 2165 3102 2200 :
3132 2148 3218 2216 qui
3248 2154 3484 2215 tempore
3516 2148 3641 2199 Dio-

2080 2235 2287 2289 cletiani
2328 2247 2382 2288 et
2420 2236 2717 2289 Maximiani
2761 2240 3136 2305 imperatorum
3181 2241 3399 2307 patriam
3452 2256 3640 2306 pareno

2083 2334 2267 2393 tesque
2300 2327 2623 2397 relinquens,
2656 2327 2943 2381 Galliarum
2973 2328 3197 2381 conﬁnia
3219 2344 3515 2397 aggressos.
3544 2332 3641 2383 Ar-

2080 2426 2380 2484 vernorum,
2414 2418 2893 2483 Andegavensium,
2921 2419 3309 2474 Belvacensium
3333 2434 3486 2488 aiqne
3511 2424 3637 2472 Am-

2081 2510 2408 2564 bianensium
2456 2513 2737 2580 populum,
2779 2513 3113 2564 multitudine
3169 2511 3555 2576 przedicationis
3584 2519 3638 2564 et

2076 2600 2344 2654 miraculis
2369 2601 2642 2667 effulgens,
2669 2603 2946 2656 convertit.
2974 2602 3070 2657 Ubi
3095 2613 3147 2655 et
3171 2618 3263 2667 pro
3285 2603 3493 2656 Christo
3518 2617 3637 2668 pas-

2072 2705 2163 2743 sus
2192 2704 2293 2756 e-‘t,
2325 2701 2378 2745 et
2408 2692 2625 2746 insidias
2654 2706 3050 2761 persecuturum
3086 2693 3336 2759 plurimas
3366 2692 3635 2747 sustinuit.

2074 2781 2206 2835 IIinc
2229 2798 2256 2834 a
2287 2782 2597 2836 Sebastiano
2624 2783 2872 2846 prmfecto
2894 2785 3328 2850 comprehensus,
3372 2792 3489 2849 post
3517 2784 3637 2836 vin-

2071 2870 2187 2921 cula
2227 2879 2277 2921 et
2308 2870 2423 2921 dira
2453 2871 2655 2937 ﬂagella
2696 2872 2949 2925 custodire
2995 2872 3237 2935 traditus,
3286 2872 3419 2925 claui
3464 2873 3636 2926 noctis

2067 2957 2277 3010 silentio
2306 2958 2355 3011 in
2380 2975 2595 3014 carcere
2617 2971 2698 3014 est
2725 2962 3033 3015 decollatiis.

2110 3065 2295 3147 .B..V.
2324 3064 2505 3147 C.,ﬂ'll-
2527 3070 2644 3147 Asia
2692 3080 2991 3147 sanctorum
3025 3069 3299 3147 {Fiicarpi
3324 3080 3384 3147 et
3434 3072 3629 3147 [lardo-

2070 3136 2233 3206 niani.
2268 3147 2314 3206 et
2344 3136 2431 3189 a‘ii
2462 3140 2639 3202 viginti
2666 3154 2778 3192 sex.
2807 3142 2887 3200 Β..
2919 3142 2981 3192 Et
3008 3142 3128 3193 alibi
3153 3136 3410 3206 depositio
3434 3142 3490 3197 S.
3519 3143 3631 3195 Fir—

2069 3204 2197 3285 niini
2228 3205 2479 3286 episcopi.
2506 3208 2567 3262 D.
2597 3208 2884 3286 L.,‘Natale
2905 3211 2964 3265 S.
2985 3204 3250 3286 tLIeophai,
3276 3214 3357 3267 cui
3385 3214 3636 3266 Dominus

2069 3282 2119 3328 in
2153 3282 2538 3330 resurrectione
2572 3282 2758 3333 tertius
2786 3282 3046 3345 apparuit.

2151 3364 2243 3419 26.
2272 3392 2343 3407 —-
2375 3366 2437 3419 VI
2476 3366 2607 3423 ΚΑΙ..
2659 3370 2971 3425 Sanctorum
3019 3382 3305 3442 martyrum
3335 3381 3359 3419 8
3389 3371 3635 3441 Cypriani

1776 3449 1980 3507 ειιιτιι
2024 3453 2253 3509 NOTAE.

401 3560 420 3595 α
453 3541 613 3595 Linus
653 3540 803 3593 anuis
842 3537 1447 3611 diiodecim,_incn._siliiis
1486 3546 1731 3611 quatuor,
1778 3541 1963 3611 diebus
1992 3548 2037 3608 Ο
2070 3547 2293 3599 violenta
2345 3544 2602 3598 adversus
2647 3541 2976 3597 Christianos
3029 3547 3321 3611 persecutio
3368 3556 3627 3599 commota

392 3616 595 3666 decem.
630 3611 747 3663 Fuit
777 3611 1101 3677 temporibus
1127 3607 1344 3660 Neronis
1366 3648 1379 3669 ,
1410 3622 1437 3658 a
1468 3610 1741 3661 consulatu
1769 3610 1955 3665 Satur-

392 3682 503 3737 nini
534 3689 587 3733 et
619 3680 903 3745 Scipionis,
947 3693 1112 3746 usque
1151 3679 1403 3744 Capitone
1426 3689 1473 3730 et
1509 3677 1661 3741 Rufo,
1693 3696 1712 3729 ι
1745 3682 1831 3747 qui
1864 3698 1957 3735 an-

391 3766 463 3805 no
486 3751 553 3805 67
584 3751 751 3801 Fastis
782 3764 973 3801 nomen
1003 3749 1230 3810 dedere;
1275 3748 1366 3800 sed
1420 3748 1695 3813 legendum
1729 3750 1953 3813 videtur,

389 3835 512 3875 eum
560 3819 780 3871 auctiori
828 3818 1087 3872 Chronico
1134 3829 1367 3871 veterum
1416 3815 1765 3872 Pontificum:
1800 3820 1957 3873 Linus

390 3892 544 3943 annis
576 3903 650 3940 XI.
683 3888 860 3955 Neque
884 3890 1024 3941 enim
1057 3889 1122 3937 ab
1149 3903 1287 3939 anno
1316 3887 1382 3941 56
1414 3888 1476 3936 ad
1509 3888 1576 3937 b7
1606 3890 1726 3940 anni
1757 3889 1956 3942 duode-

388 3963 492 4012 cim
521 3967 572 4010 et
594 3958 793 4022 aliquot
824 3972 1032 4009 menses
1076 3956 1357 4025 ﬂuxerunt.
1407 3955 1479 4009 lix
1522 3958 1710 4022 quibus
1740 3969 1958 4025 apparet

393 4028 583 4083 Linum
619 4025 754 4079 Petri
782 4027 940 4079 fuisse
965 4026 1236 4078 vicarium.
1264 4024 1316 4077 In
1347 4028 1562 4078 aiictiori
1587 4027 1848 4080 Chronico
1873 4043 1959 4082 ve-

390 4107 560 4151 terum
610 4096 916 4147 Pontiliisum
957 4096 1187 4148 dicitur:
1224 4112 1242 4143 ι
1275 4095 1521 4159 Sepultus
1551 4106 1630 4149 est
1655 4095 1802 4161 juxta
1835 4112 1954 4150 cor-

393 4182 493 4234 pus
526 4166 581 4216 B.
618 4166 755 4217 Pelii
786 4166 835 4217 in
871 4165 1120 4216 Vaticano
1151 4179 1201 4215 XI
1240 4163 1637 4234 Iial._0ctobris.
1673 4182 1692 4215 ι
1730 4180 1830 4233 quo
1870 4166 1957 4220 die

392 4232 493 4289 hoc
535 4237 648 4301 ipso
679 4235 1051 4303 Martyrologio
1090 4234 1301 4287 colitur.
1348 4232 1450 4286 Sed
1496 4249 1597 4284 non
1638 4236 1954 4288 existiman-

388 4307 513 4360 dum
568 4304 755 4357 Linum
785 4302 847 4355 eo
875 4306 960 4355 die
980 4302 1051 4353 ad
1083 4318 1303 4365 superos
1350 4302 1635 4365 transisse;
1685 4320 1803 4357 cum
1840 4307 1955 4358 dies

391 4376 579 4443 quibus
623 4375 671 4425 in
712 4371 1095 4441 Martyrologiis
1137 4383 1344 4443 veteres
1386 4374 1658 4443 pontifices
1682 4375 1951 4443 coluntur,

390 4439 440 4497 et
472 4444 525 4495 in
554 4443 773 4495 aiictiori
804 4439 1066 4494 Chronico
1096 4442 1341 4492 dicuntur
1371 4439 1587 4512 sepulti,
1630 4441 1692 4492 ad
1723 4444 1953 4512 aliquam

387 4528 571 4567 eorum
607 4512 1001 4567 Iratislaliunem
1033 4522 1085 4561 ιιι
1117 4512 1393 4576 plurimum
1424 4511 1738 4576 pertineant.

463 4592 488 4619 α
530 4582 731 4637 Liberii.
766 4581 913 4632 Iliinc
941 4582 1073 4633 inter
1100 4590 1150 4631 et
1183 4578 1411 4631 Felicem
1442 4580 1712 4631 dissidium
1745 4580 1838 4633 luit
1860 4596 1952 4648 pro

390 4652 534 4705 urbis
552 4653 733 4704 Roma:
747 4653 1069 4716 episcopatu.
1091 4648 1416 4701 Marcellinus
1431 4661 1482 4701 et
1503 4648 1781 4701 Faustinus
1811 4667 1954 4715 pres-

389 4722 559 4791 bytt-ri
592 4720 904 4773 Luciferiani
933 4758 948 4784 ,
993 4719 1078 4783 qni
1099 4724 1202 4791 hoc
1246 4729 1481 4783 tempore
1505 4722 1711 4791 vivere,
1741 4722 1789 4771 in
1821 4736 1953 4785 prae-

391 4787 589 4843 fiitiOtie
606 4790 787 4842 Libelli
809 4804 1021 4855 precum
1047 4789 1109 4838 ad
1134 4789 1474 4854 imperatores
1505 4787 1946 4855 Valentinianum,

389 4861 750 4913 Theodosium
782 4869 835 4909 et
868 4859 1149 4911 Arcadium
1183 4859 1391 4909 tradunt
1418 4857 1680 4910 Liberium
1710 4861 1952 4912 humanis

390 4932 547 4982 rebus
574 4937 875 4993 exempturo
922 4928 1006 4978 die
1052 4927 1310 4992 sequenti,
1338 4927 1585 4979 Gratiano
1623 4936 1675 4980 et
1718 4929 1953 4995 Dagalai-

393 5010 496 5064 pno
531 5011 695 5060 coss.,
742 4996 792 5048 id
834 5006 913 5048 est
942 5010 1079 5046 anno
1126 4997 1247 5048 566.
1283 5000 1536 5061 Quoniam
1582 5012 1703 5049 vero
1734 5008 1835 5049 tam
1869 5002 1952 5052 liic

389 5081 547 5133 quam
593 5067 642 5118 in
690 5064 807 5117 aliis
862 5065 1245 5134 Martyrologiis
1314 5081 1502 5117 nomen
1546 5066 1662 5129 ejus
1705 5070 1766 5119 ad
1816 5069 1951 5120 hunc

390 5136 532 5187 diem
562 5135 887 5196 inscribitur,
919 5149 981 5188 ex
1011 5149 1071 5187 ea
1102 5136 1403 5187 diversitate
1435 5136 1770 5199 intelligimus
1797 5137 1951 5191 Libe-

390 5205 526 5257 rium
556 5204 642 5257 die
666 5219 790 5256 xxiii
820 5205 1088 5270 Septemb.
1114 5206 1465 5266 demortuum,
1495 5208 1843 5272 sequeniique
1868 5222 1951 5259 se-

390 5277 616 5340 pultura:
648 5275 988 5337 mandatum;
1029 5275 1124 5326 nisi
1154 5274 1267 5325 dies
1300 5289 1422 5325 xxw
1454 5275 1724 5339 Septemb.
1758 5277 1821 5327 ad
1854 5277 1951 5327 ali-

388 5342 690 5421 quanrejus
720 5342 1118 5421 translationem
1158 5342 1464 5395 referendus
1505 5355 1605 5397 est.
1642 5344 1715 5397 De
1744 5345 1801 5398 8.
1843 5344 1946 5398 Fc-

390 5409 490 5464 lice
517 5413 637 5465 vide
667 5426 789 5465 xxix
820 5412 962 5464 Julii.

462 5481 487 5517 δ
528 5480 960 5550 Symp/torminis.
1009 5481 1231 5535 Faustus
1261 5497 1375 5534 cum
1410 5481 1798 5552 Symplioriano
1840 5481 1947 5535 lilio

387 5563 488 5603 suo
527 5565 749 5615 corpora
775 5566 956 5604 eorum
987 5552 1329 5617 sepelierunt.
1358 5554 1460 5605 Sed
1492 5569 1594 5605 non
1640 5553 1738 5604 sub
1782 5557 1947 5603 Aure-

390 5619 553 5682 liano,
580 5623 664 5685 qui
691 5636 792 5672 non
826 5633 945 5672 ante
969 5636 1161 5671 annum
1189 5621 1313 5686 ‘270,
1338 5624 1429 5673 sed
1464 5632 1634 5688 potius
1658 5624 1755 5674 sub
1784 5622 1947 5674 Aure—

390 5689 461 5759 lio
504 5690 758 5756 principe,
809 5693 892 5752 qui
938 5703 1076 5741 anno
1117 5689 1217 5743 I77
1256 5692 1481 5759 Septima
1526 5693 1943 5759 Quinqiieunalia

386 5758 575 5829 edidit,
607 5759 728 5812 dum
768 5760 825 5813 I7
857 5760 1059 5825 iiuperii
1090 5774 1281 5813 annum
1313 5758 1512 5831 ageret,
1558 5777 1661 5831 quo
1710 5772 1946 5830 tempore

2066 3626 2184 3670 est:
2212 3625 2263 3667 et
2291 3615 2553 3684 quomodo
2583 3614 2872 3684 presbyteri
2902 3624 2951 3667 et
2973 3612 3178 3667 diaetiiii
3202 3632 3229 3664 ει
3255 3616 3311 3669 8.
3343 3615 3631 3684 Polycarpu

2065 3685 2116 3737 in
2173 3685 2371 3754 Gallias
2422 3683 2626 3754 missi,_
2655 3683 2947 3754 imperante
2992 3684 3272 3737 Aureliano
3318 3683 3625 3754 martyrium

2064 3758 2200 3820 passi
2228 3753 2331 3805 dici
2370 3752 2630 3817 possunt?
2664 3751 3083 3818 Symphorianiis
3113 3766 3308 3816 autem,
3351 3767 3399 3807 ut
3431 3751 3495 3808 ex
3528 3754 3629 3810 hoc

2061 3823 2180 3876 loco
2206 3833 2437 3882 cnnStat,
2474 3821 2833 3887 Aiigustoduui
2868 3836 3050 3886 passos
3073 3832 3172 3874 est.

2134 3902 2156 3930 ο
2200 3892 2415 3945 Rustici.
2443 3893 2587 3955 Apud
2613 3894 2901 3943 Arvernum
2932 3891 3240 3943 Venerando
3262 3893 3509 3955 episcoiio
3530 3894 3627 3948 de-

2060 3971 2287 4025 mortuo,
2330 3960 2575 4013 Rusticus
2605 3962 2651 4012 ei
2681 3962 2969 4021 successit,
3014 3972 3425 4029 niimeraturque
3465 3966 3627 4031 septi-

2061 4045 2178 4100 mus
2209 4033 2396 4100 ordine
2427 4033 2707 4095 episcoiius
2737 4030 3099 4083 Arveriiensis.
3140 4031 3276 4083 Vixit
3305 4030 3628 4100 temporibus

2061 4099 2275 4153 Honorii
2307 4100 2434 4163 imp.
2481 4108 2535 4151 et
2581 4099 2693 4165 ejus
2730 4106 3053 4153 successoris
3085 4099 3451 4155 Valentiniani.
3493 4103 3624 4157 Vide

2060 4168 2197 4232 Greg
2253 4168 2451 4221 Turno.
2483 4168 2612 4220 Ilist.
2645 4184 2703 4227 ιι.
2736 4167 2820 4225 15,
2859 4170 2941 4223 16.

2129 4235 2155 4274 ά
2195 4238 2346 4303 Lupi.
2396 4238 2469 4290 De
2513 4237 2698 4290 eodem
2748 4238 2898 4290 Baeda
2958 4238 3118 4304 vnlg.,
3175 4239 3461 4302 Usiiardus,
3510 4242 3626 4293 Ado

2058 4308 2251 4375 aliique
2282 4308 2600 4360 recentiores
2632 4309 2907 4371 postridie.
2928 4308 3066 4375 VCIIIII
3094 4319 3269 4362 autem
3300 4326 3326 4359 a
3361 4322 3623 4364 inartvro-

2060 4374 2193 4445 logis
2227 4378 2430 4429 dicatur
2459 4391 2518 4428 ex
2553 4378 2867 4428 anachoreta
2918 4374 3086 4429 factus
3121 4381 3424 4442 episcopus,
3475 4380 3619 4435 illum

2060 4460 2325 4512 putamus,
2355 4446 2440 4508 qui
2466 4446 2516 4497 in
2542 4446 2707 4497 iusnla
2739 4445 2911 4498 Leriui
2941 4461 3006 4512 po
3040 4446 3281 4516 tLupiim
3305 4449 3620 4504 Trecensem

2061 4517 2303 4569 exercuit
2331 4519 2487 4569 vitam
2522 4516 2886 4568 monasticam.

2133 4588 2156 4614 °
2196 4583 2436 4637 Firmiui'.
2499 4583 2615 4636 Fuit
2666 4586 2748 4637 hic
2808 4587 3003 4650 primus
3058 4587 3196 4640 sedis
3252 4588 3618 4643 Ambianensis

2057 4656 2356 4722 episc0pus.
2395 4656 2548 4707 Errat
2579 4654 2763 4707 Petrus
2795 4654 2861 4705 de
2903 4655 3097 4713 Natal..
3122 4657 3210 4723 qui
3243 4659 3472 4722 appellat
3499 4675 3617 4711 eum

2059 4726 2463 4792 presbyterum,
2523 4738 2652 4786 vui,
2704 4723 2822 4775 119.
2877 4723 2985 4777 Sub
3045 4725 3344 4777 Rictiovaro
3401 4730 3621 4791 pra'side

2062 4793 2330 4846 Usnardus
2358 4805 2411 4845 et
2445 4793 2715 4853 Baronius,
2743 4801 2920 4843 noster
2951 4808 3072 4844 vero
3100 4809 3217 4848 cuin
3248 4796 3402 4849 Petro
3423 4797 3488 4849 de
3513 4797 3619 4850 Na-

1984 4884 2029 4942 D
2059 4864 2151 4942 tal;
2183 4865 2281 4942 sub
2312 4863 2624 4942 Sebastiano
2655 4876 2861 4942 passum
2894 4862 3094 4942 scribit.

2132 4930 2153 5003 ζ
2202 4932 2439 5003 Eiicarpi.
2469 4931 2526 4983 Ili
2552 4933 2688 4999 passi
2714 4941 2836 4983 sunt
2861 4946 2978 4983 cum
3004 4933 3122 4986 aliis
3147 4934 3326 5003 viginti
3358 4949 3451 4988 sex
3482 4951 3621 4990 mar-

2055 5001 2277 5070 tyribus.
2312 5002 2504 5052 Bauos.

2127 5080 2151 5116 ε
2191 5070 2449 5138 Cypriani.
2487 5070 2545 5121 lli
2579 5082 2836 5138 martyres
2863 5071 2998 5138 passi
3029 5081 3149 5124 sunt
3180 5072 3497 5130 Nicomedia:
3520 5078 3621 5132 sub

2055 5139 2352 5193 Eutliolinio
2396 5140 2635 5211 prreside.
2682 5140 2816 5211 Male
2858 5142 3184 5211 confundunt
3215 5143 3353 5196 linnc
3394 5145 3615 5211 Cypria—

2053 5225 2177 5262 num
2205 5210 2585 5261 Antincbenum
2610 5224 2726 5260 cum
2752 5208 3011 5274 Cypriane
3035 5208 3452 5271 Carthaginiensi
3476 5208 3610 5269 Acta

2052 5280 2235 5333 borum
2287 5279 2750 5349 inartyruiii‘apiid
2776 5278 3009 5349 ASlil‘illm
3054 5289 3182 5333 tum.
3224 5280 3284 5343 V,
3319 5285 3404 5349 qui
3437 5293 3611 5339 tamen

2051 5364 2205 5419 quam
2240 5347 2476 5413 pluiimis
2507 5347 2816 5419 differentiis
2845 5348 3236 5419 distinguuntur
3263 5347 3609 5413 .ih'iuvicein.

2051 5417 2156 5470 Nec
2193 5419 2363 5469 minus
2406 5427 2588 5469 errant
2631 5417 2813 5469 eadem
2863 5420 2993 5472 Acta
3019 5417 3079 5472 et
3117 5432 3296 5473 u0sler
3330 5422 3480 5473 Baeda
3518 5424 3616 5477 hoc

2053 5486 2166 5553 ipso
2206 5488 2342 5550 loco,
2380 5487 2516 5552 quod
2568 5488 2703 5537 hunc
2755 5503 2962 5553 passiiin
3008 5490 3244 5541 scribunt
3288 5492 3614 5554 temporibus

2053 5556 2249 5607 Claudii
2298 5557 2651 5618 imperatoris.
2706 5556 2900 5609 Iloiiiin
2948 5572 3168 5621 Corpora
3218 5558 3341 5610 feris
3380 5559 3612 5625 objecta,

2051 5631 2203 5675 noctu
2233 5625 2441 5691 quidam
2471 5635 2643 5677 nziiit:e
2669 5626 2949 5678 Christiani
2983 5637 3284 5691 rapuerunt,
3306 5639 3359 5679 et
3387 5628 3614 5686 Romam

2050 5693 2369 5755 detulerunt,
2411 5708 2525 5759 qute
2557 5696 2883 5758 postmodum
2919 5697 2967 5746 in
3001 5696 3265 5750 basilicam
3308 5697 3614 5753 Constanti-

2051 5765 2257 5817 nianam
2292 5766 2573 5827 translata,
2621 5780 2780 5833 prope
2812 5765 3174 5833 baptisterium
3217 5767 3427 5824 condita
3465 5781 3607 5826 sunt.
