4054 6190
463 340 607 399 1055

1241 343 1436 398 BEDA‘I
1475 343 1926 402 VENERABILIS
1967 344 2115 400 OPP.
2156 344 2332 400 PARS
2373 347 2458 402 IV.
2501 375 2567 388 --
2608 346 2994 406 HISTORICA.

3591 353 3735 408 1038

1741 455 1967 513 EDITIO
2004 457 2470 514 COLONIENSIS.

465 562 638 622 tyrum
668 551 918 622 Cypriani
945 551 1179 620 episcopi
1209 560 1256 605 et
1291 549 1511 604 Iustina:
1543 547 1777 618 virginis.
1804 550 2038 617 Quorum
2073 554 2120 611 Α
2222 550 2282 604 D.
2329 551 2366 604 V
2407 549 2646 604 Kacsan.
2688 548 2821 606 Ocr.
2861 581 2931 592 —
2969 551 3120 619 Apud
3161 551 3402 623 Esaiam
3439 555 3738 623 civitatem,

459 643 671 698 Justina
700 643 800 697 sub
836 643 1164 698 Diocletiano
1196 643 1357 695 multa
1385 652 1599 710 prapter
1625 640 1894 694 Christum
1923 655 2044 709 per-

468 749 641 804 pessa,
675 734 848 803 ipsum
881 747 1092 803 quoque
1133 733 1457 802 Cyprianum
1505 747 1624 786 cum
1667 741 1813 786 esset
1841 746 2045 802 magus,

464 836 520 880 et
550 826 771 895 magicis
819 827 1025 880 artibus
1067 840 1184 879 eam
1226 825 1535 880 dementare
1579 834 1884 891 conaretur,
1915 840 2047 880 cou-

468 917 629 970 vertit
653 916 718 969 ad
752 917 1042 970 Christum.
1079 916 1211 968 Cum
1247 931 1352 984 quo
1375 916 1484 985 jam
1515 916 1766 985 episcopo
1805 928 1856 972 et
1889 916 2050 972 nobili

467 1008 687 1064 doctore
719 1009 878 1073 facto,
913 1011 1251 1077 martyrizata
1289 1018 1372 1064 est
1411 1011 1508 1063 sub
1547 1010 1764 1066 Claudio
1792 1012 2048 1078 principe,

467 1111 522 1158 et
555 1101 734 1169 judice
768 1101 1050 1166 Eutelmio,
1086 1111 1137 1154 et
1168 1116 1286 1155 cum
1318 1103 1396 1154 eis
1435 1101 1761 1170 Thcognitus
1787 1101 2001 1171 quidam
2035 1117 2050 1155 :

467 1207 691 1262 quorum
724 1207 950 1262 corpora
980 1193 1260 1260 jacuerunt
1290 1194 1525 1262 projecta
1568 1194 1696 1247 foris
1738 1207 1830 1246 sex
1860 1193 2052 1246 diebus

468 1282 754 1352 insepulta.
811 1285 1036 1350 Quidam
1090 1297 1266 1339 au'em
1325 1296 1500 1340 nauta:
1552 1285 1838 1340 Chrisriani
1897 1297 2052 1341 nocte

469 1383 760 1442 rapuerunt
806 1389 890 1440 ea,
939 1386 991 1430 et
1033 1375 1442 1444 deportaverunt
1491 1377 1556 1428 ad
1589 1377 1771 1430 urbem
1805 1377 2049 1442 Romam,

469 1471 525 1519 et
561 1477 799 1519 matrona
849 1466 1164 1521 venerabilis
1216 1466 1403 1520 Rufina
1442 1477 1749 1523 reverenter
1775 1467 2043 1533 excipiens

471 1554 556 1609 illa
580 1557 822 1623 sepelivit
846 1558 898 1612 in
933 1561 1130 1628 pra-dio
1159 1575 1277 1615 suo.

2152 643 2327 696 natale
2356 650 2666 696 sanctorum
2695 651 2988 712 martyrum
3014 644 3222 698 Cosam
3243 652 3296 699 et
3323 645 3581 712 Damiani,
3619 664 3740 717 per-

2152 734 2426 788 secutione
2468 733 2804 797 Diocletiani,
2852 735 2952 789 sub
2997 734 3229 804 preside
3278 733 3459 804 Lysia,
3501 739 3591 809 qui
3620 755 3740 808 post

2153 825 2319 880 multa
2353 834 2644 890 tormenta,
2675 824 2881 880 vincula
2923 835 2978 880 et
3023 840 3268 882 carceres
3301 829 3572 894 toleratos,
3615 841 3738 900 post

2156 931 2306 970 mare
2331 926 2385 970 et
2413 916 2583 986 ignes,
2614 931 2824 984 cruces,
2848 917 3198 986 lapidationcs
3218 931 3272 972 et
3298 921 3539 990 sagittas,
3561 924 3738 991 capite

2157 1007 2463 1074 plectuntur
2491 1022 2610 1060 cum
2645 1007 2914 1072 Anthimo,
2949 1007 3171 1063 Leontio
3199 1017 3254 1064 et
3277 1009 3562 1079 Enprepio.
3593 1013 3737 1080 Quo-

2158 1114 2276 1154 rum
2305 1114 2527 1167 corpora
2560 1100 2790 1168 religiosi
2820 1100 2919 1154 viri
2957 1100 3284 1169 sepelierunt
3322 1100 3377 1155 in
3421 1103 3540 1160 loco
3566 1121 3741 1160 vene-

2157 1193 2330 1258 rabili,
2364 1207 2470 1246 non
2515 1193 2670 1262 longe
2716 1210 2746 1248 a
2794 1194 3007 1248 civitate
3052 1194 3254 1264 Egilia.
3297 1194 3528 1250 Duorum
3559 1205 3739 1251 autem

2156 1289 2375 1343 fratrum
2423 1289 2632 1344 Cosmae
2683 1297 2738 1344 et
2783 1289 3019 1344 Damiani
3051 1291 3306 1345 memoria
3345 1292 3505 1346 etiam
3539 1293 3742 1360 templo

2158 1379 2416 1449 prmclaro
2445 1395 2629 1449 opere,
2663 1381 2865 1435 nomini
2914 1395 3102 1437 eorum
3142 1381 3400 1437 aedificato
3430 1383 3744 1437 solemniter

2156 1472 2345 1541 agitur.

2233 1565 2292 1615 1σῖ.
2335 1563 2399 1616 ιν
2439 1563 2676 1619 ΚΑιεκο.
2711 1564 2842 1620 Oc'r.
2883 1552 2954 1604 έ-
2992 1565 3047 1619 ln
3088 1564 3350 1634 Hispaniis
3387 1564 3632 1621 Corduba
3662 1567 3744 1620 ci-

1683 1675 1912 1730 EDITIO
1953 1672 2454 1729 BOLLANDIANA.

471 1785 706 1858 episcopi
738 1795 789 1841 et
817 1785 1038 1842 Justina
1065 1805 1078 1841 :
1104 1801 1326 1856 quorum
1354 1787 1556 1843 Justina
1580 1790 1681 1844 sub
1724 1791 2053 1845 Diocletiano
2091 1790 2132 1848 Β
2163 1803 2461 1852 assumens,
2485 1806 2698 1845 omnem
2729 1791 3143 1848 ecclesiasticam
3171 1793 3505 1863 disciplinam
3527 1798 3732 1869 docuit,

475 1881 640 1935 multa
675 1888 890 1947 prapter
920 1878 1192 1932 Christum
1226 1894 1499 1948 perpessa,
1525 1881 1695 1949 ipsmn
1729 1897 1937 1951 quoque
1957 1882 2055 1953 Cy-

477 1975 740 2042 prianum,
769 1988 889 2028 cum
917 1983 1058 2027 esset
1091 1989 1304 2042 magus,
1348 1985 1403 2029 et
1454 1977 1641 2044 magiis
1670 1978 1780 2030 suis
1808 1993 1923 2031 eam
1956 1979 2051 2032 de-

477 2074 717 2120 mentare
737 2073 1040 2132 conaretur,
1067 2069 1329 2119 convertit
1361 2068 1424 2119 ad
1449 2064 1716 2120 Christum
1745 2086 1756 2120 :
1783 2083 1900 2121 cum
1924 2083 2053 2136 quo,

479 2166 660 2224 postea
687 2154 798 2224 jam
835 2156 1088 2224 episeopo
1124 2165 1178 2210 et
1207 2155 1368 2212 nobili
1401 2158 1619 2214 doctore
1664 2158 1822 2226 facto,
1857 2170 2056 2229 marty-

477 2249 660 2304 rizavit
695 2249 792 2301 sub
817 2246 1040 2301 Claudio
1073 2248 1327 2317 principe.

549 2360 610 2414 B.
646 2359 708 2412 V.
739 2359 826 2421 C.,
850 2359 1032 2412 Romae
1064 2361 1326 2428 depositio
1350 2359 1405 2415 S.
1441 2363 1466 2391 “
1498 2360 1711 2415 Eusebii
1736 2360 1971 2427 episcopi
2005 2372 2060 2414 et

475 2429 819 2513 cnpfcssoris.
857 2430 937 2493 8.,
988 2431 1232 2485 Alvernis
1273 2432 1535 2496 depositio
1569 2432 1629 2486 S.
1663 2429 1689 2469 ι’
1733 2429 2059 2501 Apollinaris

476 2515 736 2571 episcopi.

548 2615 640 2668 27.
670 2644 743 2656 —
775 2614 814 2668 V
842 2613 973 2669 Kac.
1003 2614 1188 2670 Natale
1211 2614 1306 2670 SS.
1343 2627 1364 2655 ο
1387 2614 1591 2669 Cosmze
1615 2624 1668 2671 et
1696 2615 1933 2669 Damiani
1963 2614 2062 2669 sub

483 2706 854 2772 persecutione
876 2704 1205 2769 Diocletiani,
1234 2705 1461 2772 przeside
1492 2704 1607 2772 ejus
1639 2704 1818 2775 Lysia,
1853 2706 1902 2758 in
1934 2706 2062 2758 civi-

483 2805 591 2848 tate
619 2794 781 2862 Egea
810 2813 821 2847 :
854 2797 940 2863 qui
977 2805 1094 2862 post
1121 2797 1283 2848 multa
1313 2803 1600 2861 tormenta,
1629 2795 1837 2848 vincula
1863 2804 1918 2848 et
1945 2811 2064 2850 car-

482 2899 636 2939 ceres
677 2885 948 2944 toleratos.
975 2902 1122 2942 mare
1146 2897 1199 2942 et
1221 2889 1391 2958 ignes,
1416 2902 1648 2950 crucem,
1683 2888 2061 2954 lapidationem

480 2986 535 3032 et
563 2979 784 3046 sagittas
812 2977 1065 3033 divinitus
1095 2990 1392 3049 superatas,
1418 2981 1593 3048 capite
1616 2979 1934 3048 plectuntur.

552 3117 715 3198 Addit
745 3117 806 3172 L.
832 3135 848 3172 :
879 3117 1006 3173 Cum
1037 3118 1288 3172 fratribus
1318 3117 1571 3182 Antinoo,
1601 3116 1828 3172 Leontio
1856 3125 1911 3170 et
1957 3115 2060 3170 Eu-

484 3202 688 3257 prepto.

559 3319 747 3375 Florus
773 3321 824 3374 in
860 3323 922 3375 Λ.
953 3322 1015 3374 Τ.
1049 3321 1105 3375 L.
1133 3340 1147 3374 :
1181 3323 1298 3390 ipso
1328 3322 1414 3376 die
1457 3323 1630 3378 natale
1658 3325 1715 3378 S.
1743 3322 1767 3361 ά
1797 3323 2062 3378 Timothei

483 3407 731 3478 discipuli
783 3411 952 3476 Pauli,
1002 3428 1157 3481 quem
1215 3411 1354 3466 idem
1400 3414 1504 3468 Vas
1533 3415 1809 3469 electionis
1842 3430 2062 3483 puerum

2159 1890 2212 1933 et
2241 1896 2360 1933 cum
2395 1895 2581 1934 manus
2633 1880 2971 1950 impositione
3008 1886 3514 1941 accommodabilem
3549 1888 3736 1943 Eccle-

2157 1971 2250 2024 siis
2305 1971 2444 2025 fecit.
2505 1971 2601 2026 Hic
2651 1971 2872 2039 pudicus
2920 1984 2974 2027 et
3021 1974 3171 2044 virgo
3210 1991 3544 2044 permanens,
3593 1979 3735 2047 apud

2161 2069 2428 2138 Ephesum
2461 2071 2512 2123 in
2543 2079 2724 2123 monte
2750 2071 2840 2138 qui
2871 2079 3087 2125 vocatur
3111 2069 3237 2124 Pion
3266 2086 3387 2124 cum
3419 2087 3612 2143 magno
3643 2073 3738 2126 ho—

2159 2175 2290 2215 nore
2314 2160 2554 2228 sepultus
2584 2161 2830 2230 quiescit.

2231 2273 2317 2336 L.,
2354 2274 2530 2346 Primo
2553 2274 2670 2327 loco
2701 2292 2713 2327 :
2742 2273 2926 2328 Natale
2947 2274 3004 2329 S.
3032 2283 3054 2310 ο
3082 2274 3352 2345 Hyitrudis
3382 2274 3603 2346 virginis
3623 2289 3742 2344 qua:

2159 2359 2340 2397 amore
2369 2344 2561 2398 Christi
2592 2359 2844 2412 sponsum
2878 2347 2927 2397 in
2951 2347 3106 2399 terris
3134 2344 3359 2412 fug-ens,
3383 2347 3429 2398 ei
3453 2344 3611 2413 quem
3633 2349 3745 2398 ele-

2160 2425 2310 2484 gerat
2337 2415 2561 2469 viriliter
2587 2417 2827 2481 adlnesit,
2871 2415 3170 2484 bonumque
3201 2416 3526 2483 propositum
3560 2416 3746 2469 lauda-

2163 2485 2252 2538 bili
2288 2485 2390 2538 fine
2418 2486 2696 2539 covclusit.
2746 2485 2806 2540 V.
2835 2485 2922 2549 C.,
2962 2486 3028 2539 Et
3053 2487 3102 2538 itt
3130 2487 3339 2552 Epheso
3376 2485 3436 2540 S.
3479 2486 3748 2540 Timothei

2163 2557 2226 2606 ad
2275 2571 2430 2622 quem
2477 2555 2666 2608 Paulus
2708 2555 2980 2622 apostolus
3014 2557 3195 2624 scripit
3235 2557 3516 2622 Epistolas.
3556 2557 3641 2617 8.,
3694 2555 3751 2609 In

2164 2625 2331 2678 Tarso
2360 2627 2555 2678 Cilici-.e
2578 2625 2754 2694 passio
2779 2626 2879 2680 SS.
2913 2625 3128 2692 Taraci,
3161 2626 3318 2681 Probi
3351 2636 3405 2681 et
3437 2625 3748 2680 Andronici.

2235 2736 2325 2792 9.8.
2355 2766 2425 2776 —
2446 2736 2508 2790 IV
2542 2736 2676 2791 Κλι.
2708 2737 2870 2792 Vacat
2897 2737 3074 2794 Baeda.

2239 2853 2323 2916 D.,
2373 2852 2640 2922 Hispaniis
2687 2852 2933 2922 Corduba
2966 2852 3064 2908 SS.
3102 2853 3120 2893 ί
3154 2853 3354 2919 Fausti,
3393 2856 3648 2917 Januarii,
3696 2863 3757 2909 et

2167 2923 2435 2977 Martialis.
2474 2921 2554 2975 7V.
2590 2923 2677 2986 C.,
2725 2923 2777 2976 lit
2825 2921 3000 2976 Africa
3048 2924 3146 2980 SS.
3202 2927 3487 2989 Martialis,
3529 2937 3553 2974 κ
3595 2927 3754 2979 Lauri

2167 2992 2276 3065 [C.,
2307 2993 2616 3066 Laurentii],
2649 2995 2832 3066 Romae
2860 2995 2918 3046 ὃ.
2950 2994 3146 3050 Stactei
3187 2994 3303 3065 [V.,
3336 2996 3570 3066 Stractij.
3606 2997 3670 3050 Et
3698 2997 3753 3050 in

2169 3063 2490 3118 monasterio
2510 3064 2715 3117 Domini
2730 3063 3021 3118 Salvatoris
3036 3063 3300 3121 dedicatio
3325 3063 3552 3120 basilicaé
3568 3069 3626 3123 Β.
3651 3068 3750 3120 Pe-

2172 3135 2235 3188 tri
2265 3135 2509 3202 apostoli.
2541 3133 2606 3188 A.
2636 3135 2699 3188 T.
2735 3133 2820 3196 L.,
2844 3133 2899 3185 ln
2933 3137 3105 3190 Africa
3141 3137 3313 3189 natale
3341 3139 3438 3190 SS.
3476 3139 3748 3199 Martialis,

2091 3181 2138 3245 C
2174 3181 3116 3272 ἱζΞιιῖἷρῖἷιῖἶξὶίᾶιὶεῐῐηῖὲιἙείἧὰἰὶιῖ.
3142 3181 3756 3272 ’ἷίῗὶῐᾶἱιέἦῗὲίίὲ

2173 3271 2203 3313 ιι
2226 3275 2475 3341 Exuperii
2503 3276 2758 3343 episcopi.
2803 3276 2865 3327 A.
2897 3272 2985 3339 T.,
3019 3277 3074 3330 In
3102 3275 3268 3332 Gallia
3319 3271 3532 3331 civitate
3570 3276 3754 3332 Genua

2174 3345 2444 3410 depositio
2473 3344 2532 3398 S.
2560 3345 2758 3401 Salonii
2790 3345 3025 3412 episcopi
3066 3357 3120 3400 et
3157 3346 3496 3401 confessoris;
3529 3348 3618 3412 T.,
3653 3349 3757 3400 En-

2173 3415 2296 3469 dem
2319 3415 2404 3470 die
2417 3415 2600 3470 Romae
2629 3416 2805 3486 passio
2826 3414 2883 3468 S.
2907 3416 3126 3472 Stactei.
3157 3419 3526 3473 Autissiodoro
3545 3418 3758 3487 deposi-

1880 3525 2089 3581 SMITH
2132 3525 2358 3581 ΝΟΤΛΕ.

558 3615 583 3643 ⁸
626 3614 852 3670 Eusebii.
883 3615 981 3669 ilic
1011 3631 1151 3668 anno
1179 3613 1284 3668 510
1308 3624 1360 3669 ct
1381 3615 1560 3669 sedem
1593 3616 1709 3670 iniit
1737 3626 1791 3672 et
1811 3618 1874 3672 ad
1899 3618 2065 3673 Deum

488 3687 769 3757 migratit;
815 3688 863 3737 in
912 3685 1178 3739 Chronico
1223 3686 1430 3740 Damasi
1487 3688 1711 3753 legitur:
1751 3706 1770 3737 r
1809 3689 2067 3743 Eusebius

490 3771 700 3810 menses
725 3765 975 3822 quatuor.
1006 3758 1118 3809 dies
1150 3757 1380 3810 sedecim
1413 3771 1440 3808 a
1473 3772 1560 3809 xiv
1588 3757 1703 3811 Kal.
1749 3759 1933 3824 Maias,
1969 3775 2070 3813 us-

490 3843 592 3891 que
616 3827 664 3878 in
699 3825 838 3879 diem
870 3844 952 3880 xu
981 3827 1094 3880 Kal.
1122 3826 1393 3892 Septemb.
1433 3845 1451 3876 ι
1483 3826 1587 3881 Sed
1623 3830 1735 3881 lucc
1769 3829 1920 3893 plane
1950 3845 2066 3883 cor-

491 3910 642 3964 rttpta
673 3905 817 3960 sont,
846 3907 900 3947 ttt
928 3913 991 3949 ex
1037 3899 1262 3964 ipsomet
1301 3896 1566 3950 Chronico
1601 3898 1810 3951 Damasi
1855 3901 2068 3966 quando

491 3967 721 4031 loquitur
765 3970 831 4019 de
861 3967 1148 4018 Melchiade
1180 3968 1294 4031 ejus
1331 3981 1644 4021 successme
1673 3979 1874 4022 certum
1905 3978 1960 4023 et
1988 3971 2067 4023 in-

490 4036 786 4089 dubitatum
832 4037 1087 4088 redditur.
1137 4037 1193 4090 Si
1233 4037 1375 4089 enim
1421 4038 1463 4088 is
1509 4039 1594 4090 die
1628 4053 1664 4090 ll
1705 4055 1901 4091 men5ts
1941 4039 2065 4094 Julii

492 4121 633 4157 anno
681 4104 785 4176 510
835 4119 1176 4160 CUIIS”CI3IIIS
1229 4107 1385 4160 fuerit
1431 4117 1485 4161 et
1536 4123 1704 4176 usque
1748 4113 1812 4160 ait
1863 4111 2068 4163 initium

496 4178 618 4228 anni
648 4175 752 4228 5H
784 4177 964 4229 sedem
996 4178 1287 4229 Romanam
1334 4178 1582 4238 tenuerit,
1609 4175 1876 4246 quomodo
1909 4180 2074 4233 Euse-

494 4245 609 4298 bius
641 4247 873 4316 ordinari
907 4249 1077 4314 potuit
1105 4248 1188 4300 die
1237 4263 1362 4300 xvnt
1421 4245 1867 4316 niensisAprilis,
1910 4263 1963 4305 et
1991 4267 2075 4305 se-

495 4317 618 4368 dem
681 4314 973 4370 Romanam
1025 4318 1396 4373 administrare
1451 4334 1618 4384 usque
1663 4314 1729 4373 ad
1781 4322 1920 4374 diem
1967 4337 2076 4374 xvtt

500 4388 696 4438 mensis
745 4391 992 4451 Augusti,
1032 4402 1149 4440 cum
1190 4390 1386 4443 sederit
1433 4404 1643 4442 menses
1674 4390 1707 4441 4
1748 4403 1798 4443 et
1839 4393 1953 4444 dies
1987 4393 2073 4455 16,

495 4457 642 4522 juxta
674 4457 813 4510 idem
839 4458 1180 4510 Chronicon?
1211 4457 1341 4511 Cum
1374 4463 1552 4525 itaque
1575 4461 1853 4514 Mareellus
1878 4462 1962 4514 die
1991 4477 2076 4514 xvr

499 4516 956 4599 iitensisJai.uarii
987 4525 1109 4599 anni
1138 4529 1242 4581 510
1273 4544 1302 4582 e
1333 4516 1800 4596 vivis-excesserit,
1850 4548 2078 4599 sequi-n-
2110 4516 2155 4574 D

501 4599 644 4660 tique
664 4597 752 4650 die
778 4599 1016 4663 sepultus
1038 4597 1126 4659 sit,
1160 4609 1213 4651 et
1237 4601 1458 4652 cessarit
1490 4602 1824 4664 pontiﬁcatus
1847 4597 1960 4653 dies
1982 4601 2070 4665 9.0,

500 4669 838 4721 mani'estnm
887 4681 963 4720 est
1011 4669 1291 4723 Eusebium
1337 4669 1424 4723 die
1472 4686 1502 4723 v
1552 4670 1751 4723 mensis
1799 4670 2078 4726 Februarii

499 4747 866 4790 consecratum
928 4739 1090 4791 fuisse
1141 4748 1195 4792 et
1257 4750 1482 4793 mortem
1546 4742 1662 4806 ejus
1717 4740 1967 4795 incidisse
2025 4743 2076 4796 in

503 4808 642 4860 diem
678 4823 764 4862 χχι
793 4810 989 4880 mensis-
1018 4807 1187 4871 Junii,
1237 4825 1342 4863 non
1383 4827 1510 4864 vero
1558 4812 1610 4864 in
1657 4825 1742 4863 xvt
1794 4809 1909 4864 Kal.
1941 4813 2077 4880 Sep"-

507 4880 694 4942 lctltb.,
729 4893 784 4930 ut
811 4879 860 4931 in
887 4880 1140 4932 chronico
1166 4880 1372 4933 Damasi
1399 4882 1650 4934 habetur:
1673 4897 1843 4948 neque
1867 4884 1917 4936 in
1942 4879 2082 4938 hunc

502 4950 642 5022 diem
672 4966 775 5022 quo
805 4949 854 5001 in
891 4950 1128 5022 plurimis
1152 4951 1538 5022 martyrologiis
1567 4953 1779 5005 colitur.

579 5018 603 5053 ι’
644 5020 976 5087 Apollinaris.
1006 5019 1098 5072 llic
1123 5022 1172 5072 in
1195 5018 1325 5074 Tal}.
1354 5018 1487 5086 apud
1520 5021 1773 5075 Detnoch.
1795 5023 2082 5092 vigesitnus

506 5103 644 5141 unus
672 5093 950 5157 epiSi-Opns
980 5091 1329 5145 Arvernensis
1359 5092 1632 5145 scribitur.

585 5170 606 5196 ο
647 5159 863 5212 Cos-mar.
897 5157 1157 5212 Feruntur
1175 5166 1302 5215 Aela
1326 5164 1557 5232 ipsorum
1588 5178 1616 5214 a
1647 5161 1825 5218 Niceta
1857 5164 2082 5232 quodam

509 5233 834 5298 conscripta,
864 5245 981 5301 quae
1029 5233 1150 5286 vide
1180 5231 1319 5286 Surii
1376 5231 1504 5284 tom.
1542 5233 1613 5294 νς
1647 5249 1764 5300 quin
1794 5231 2006 5301 quidem
2041 5237 2082 5287 si

510 5302 630 5368 quis
654 5301 787 5354 tueri
813 5300 941 5364 vult,
965 5316 1181 5356 necesse
1205 5310 1285 5355 est
1306 5303 1532 5355 affirmet
1562 5301 1679 5355 illos
1703 5303 1942 5358 diversos
1967 5318 2088 5359 esse

509 5373 579 5426 ab
608 5373 689 5427 his
717 5372 784 5426 de
816 5372 1004 5439 quibus
1038 5372 1120 5424 hic
1147 5374 1336 5439 agitur,
1370 5388 1489 5425 cum
1517 5389 1576 5424 ex
1612 5373 1718 5425 illis
1742 5384 1947 5426 constet
1968 5390 2087 5427 eos-

513 5443 636 5496 dem
665 5446 866 5512 absque
890 5445 1144 5512 martyrio
1168 5443 1217 5495 in
1237 5458 1364 5510 pace
1385 5445 1669 5511 quievisse.
1689 5444 1890 5496 Rursus
1912 5454 2086 5497 autem

517 5514 621 5566 alia
649 5516 910 5570 habentur
933 5513 1119 5564 hormn
1143 5513 1293 5575 Acta,
1319 5529 1378 5566 ac
1405 5515 1561 5566 trimo
1579 5513 1801 5566 fratrum
1831 5515 2086 5574 ipsorum,

515 5587 786 5648 Anthimi,
845 5583 1049 5639 Leontii
1115 5591 1169 5636 et
1221 5585 1504 5650 Euprepii;
1560 5599 1678 5649 qua:
1712 5600 1772 5638 ex
1803 5592 1928 5638 vett.
1962 5598 2090 5636 mss.

518 5655 656 5705 edita
687 5666 899 5708 exstant
923 5653 1059 5719 apud
1091 5653 1306 5707 Surium
1339 5666 1467 5706 tom.
1506 5654 1612 5719 \‘ll,
1641 5666 1687 5707 et
1714 5653 1955 5707 videntur
1976 5668 2095 5709 esse

519 5726 725 5777 cat-teris
773 5725 1031 5778 ﬁdeliora.
1085 5723 1161 5776 De
1217 5724 1298 5776 his
1346 5726 1398 5776 in
1450 5726 1654 5790 synodo
1698 5723 1933 5793 generali
1984 5723 2092 5788 VII,

519 5797 624 5842 act.
659 5793 710 5844 «ι.
743 5794 896 5848 Missa
927 5794 980 5845 in
1011 5805 1193 5846 corum
1229 5796 1385 5848 natali
1433 5793 1655 5847 habetur
1699 5810 1749 5848 Ill
1795 5807 2096 5848 sacramen-

2172 3619 2310 3692 tario
2329 3618 2678 3692 Gregoriano.
2698 3615 2962 3692 vocantur
2992 3632 3020 3669 a
3046 3615 3246 3692 Graecis
3273 3613 3592 3692 ’Avd‘oyupoi,
3618 3619 3756 3688 quod

2175 3689 2492 3742 medicinam
2526 3689 2726 3752 absque
2757 3687 2905 3740 lucro
2934 3689 3242 3741 exercuisse
3267 3687 3540 3743 dicamur.

2243 3760 2270 3795 «³
2315 3759 2584 3812 Timothei.
2622 3759 2695 3812 De
2735 3759 2834 3811 hoc
2883 3772 3044 3826 supra
3089 3757 3208 3811 vide
3251 3757 3489 3811 Januarii
3538 3775 3668 3814 xxxv
3708 3770 3763 3816 et

2172 3829 2294 3884 Maii
2327 3845 2399 3884 ix.

2246 3910 2269 3937 θ
2312 3897 2593 3970 llyltridis.
2647 3897 2768 3952 Marc
2794 3898 2992 3970 genita,
3014 3906 3094 3970 est
3122 3913 3185 3950 ex
3215 3894 3454 3970 Wilierto
3481 3899 3680 3953 comite
3707 3909 3761 3953 et

2172 3970 2288 4024 Ado
2316 3967 2508 4032 matre,
2537 3979 2589 4021 et
2621 3979 2853 4033 tempore
2888 3969 3052 4036 Pipini
3084 3970 3220 4035 regis
3250 3967 3440 4020 claruit
3475 3984 3638 4036 super
3664 3971 3762 4024 ﬂu-

2176 4044 2316 4094 vium
2352 4041 2601 4105 Hclpram
2635 4041 2684 4092 in
2719 4041 2834 4092 loco
2856 4039 2946 4107 qui
2975 4039 3168 4091 dicitur
3195 4038 3381 4091 Latia.
3421 4039 3550 4104 Quae
3579 4055 3764 4095 amore

2175 4111 2373 4164 Christi
2409 4111 2678 4176 llugonem
2716 4111 3146 4178 Burgundttmum
3180 4108 3472 4178 principem
3502 4125 3758 4178 span-unt

2180 4182 2408 4248 fugiens,
2441 4197 2469 4233 a
2499 4181 2830 4233 'l'heodorico
2862 4179 3232 4232 Cameracensi
3262 4179 3514 4245 episcopo
3545 4197 3760 4235 sacrum

2180 4253 2353 4304 velum
2383 4250 2606 4318 accepit.
2635 4250 2778 4302 Obiit
2821 4250 2961 4302 circa
2995 4265 3083 4302 an.
3117 4249 3238 4314 700,
3272 4260 3326 4302 ct
3361 4250 3568 4315 sepulta
3597 4259 3680 4304 est
3712 4254 3762 4304 in

2181 4321 2405 4374 ecclesia
2456 4322 2512 4374 S.
2567 4319 2856 4381 Lamberti,
2899 4334 3058 4386 quam
3109 4331 3352 4386 parentes
3386 4329 3765 4374 exstruxerant

2184 4391 2362 4444 Laitiis
2392 4407 2406 4443 :
2440 4390 2656 4443 fratrem
2691 4391 2871 4442 habuit
2915 4391 2972 4441 R.
3023 4391 3348 4443 Gontardum
3400 4390 3630 4456 primum
3670 4393 3766 4443 ab—

2186 4461 2360 4515 batem
2391 4461 2729 4514 chtiensem.
2777 4461 2849 4512 De
2880 4459 3176 4530 elevatione
3207 4461 3321 4524 eius
3350 4459 3613 4528 corporis,
3646 4477 3764 4530 quae

2185 4530 2318 4584 facta
2363 4540 2446 4585 est
2487 4531 2624 4583 circa
2675 4545 2764 4583 an.
2801 4529 2959 4591 1000,
3006 4530 3129 4583 vide
3167 4545 3323 4592 Stlprn
3355 4531 3441 4583 die
3473 4546 3579 4583 mi
3607 4529 3766 4599 lmjus

2185 4603 2408 4656 mensis.
2446 4600 2570 4654 Vide
2600 4600 2755 4668 hujus
2790 4600 2958 4654 Vitam
2991 4601 3128 4669 apud
3160 4599 3521 4653 Mabillonium
3555 4611 3694 4670 part.
3727 4616 3762 4655 tl

2181 4688 2304 4725 828C.
2343 4687 2398 4724 Ill
2430 4672 2547 4725 Act.
2582 4673 2707 4724 Ben.

2258 4739 2277 4778 τ
2316 4740 2518 4795 Fausti.
2553 4742 2651 4805 Qui
2683 4741 2852 4808 primo
2892 4741 3137 4807 equuleis
3182 4739 3425 4804 cruciati,
3455 4739 3648 4795 deinde
3679 4757 3764 4794 ra-

2183 4812 2258 4865 sis
2286 4812 2606 4880 superciliis.
2637 4811 2856 4863 auribus
2881 4810 3491 4878 ttat-ibUSQIte'prwcisis,
3517 4812 3766 4865 dentibus

2183 4885 2343 4935 etiam
2375 4881 2738 4949 superiniibus
2769 4882 3040 4945 t'XCltSSis,
3075 4882 3376 4947 deturpati;
3425 4885 3488 4932 ad
3522 4882 3764 4935 ultimum

2185 4954 2321 5020 ignis
2354 4952 2598 5021 passione
2629 4951 2935 5019 martyrium
2965 4963 3422 5005 ConSummaruut.
3478 4950 3591 5005 Hos
3639 4953 3770 5006 colit

2185 5023 2444 5075 Baronins
2472 5037 2564 5076 XIII
2593 5022 2858 5076 Octobris.

2257 5102 2282 5138 ε
2323 5093 2499 5145 Lauri.
2532 5095 2656 5147 Sive
2686 5091 2977 5144 Laurentii.
3019 5089 3272 5146 Martialis
3291 5100 3343 5144 et
3368 5091 3638 5145 sociorum
3664 5106 3774 5146 me-

2188 5165 2339 5215 minit
2371 5163 2633 5216 Lucianus
2659 5164 2707 5233 in
2736 5162 2954 5233 cpistola
2979 5179 3096 5233 quae
3119 5162 3387 5233 exstat?!
3414 5161 3552 5214 inter
3574 5163 3636 5216 S.
3662 5161 3771 5233 Cy-

2191 5233 2356 5300 priani
2387 5234 2658 5296 epistolas.
2696 5232 2766 5284 De
2799 5232 3100 5296 Laurentio,
3151 5247 3246 5284 seu
3301 5232 3649 5296 Laurentino,
3681 5232 3772 5301 qui

2191 5303 2552 5372 iidetnﬁforsan
2578 5311 2721 5360 sunt,
2755 5303 2866 5365 ipse
2889 5303 3185 5372 Cyprianus
3215 5303 3371 5366 epist.
3399 5301 3491 5356 50.

2260 5371 2287 5409 ιι
2331 5371 2598 5440 Exnperii.
2635 5373 2726 5425 llic
2751 5387 2778 5423 a
2810 5373 2866 5426 S.
2904 5371 3228 5439 Hieronymo
3275 5374 3516 5425 laudatur
3562 5375 3613 5426 in
3661 5374 3774 5440 epi-

2191 5443 2325 5497 stola
2360 5444 2422 5495 ad
2460 5443 2730 5495 Rusticum
2765 5445 3112 5508 monachum,
3163 5452 3214 5496 et
3258 5443 3375 5495 aliis
3407 5443 3458 5495 in
3491 5445 3644 5498 locis.
3681 5445 3774 5497 F.5-

2193 5516 2312 5566 detn
2361 5514 2571 5580 scripsit
2623 5512 2958 5564 Innocentius
3011 5513 3027 5565 ι
3085 5529 3236 5579 papa.
3313 5513 3390 5566 Ad
3449 5512 3772 5580 Exuperinm

2194 5583 2476 5650 quemdam
2524 5584 2662 5635 inter
2701 5585 2873 5635 claros
2921 5593 3161 5635 oratores
3210 5582 3545 5646 proﬁtentem
3597 5592 3775 5636 exstat

2197 5652 2414 5706 Ausonii
2465 5652 2599 5704 Galli
2645 5652 3011 5721 epigramma:
3049 5653 3307 5706 Baronius
3352 5652 3510 5721 igitur
3551 5656 3618 5706 ob
3653 5668 3772 5707 eam

2200 5724 2462 5776 rationem
2486 5724 2629 5775 illum
2647 5724 2922 5776 existimat
2953 5723 3216 5776 rhetorem
3257 5725 3404 5791 prius
3425 5725 3588 5778 fuisse
3613 5738 3774 5791 quam

2201 5804 2339 5848 esset
2378 5793 2681 5863 episcopus,
2705 5792 2827 5846 licet
2854 5791 3069 5862 Joseph.
3115 5791 3349 5862 Scaliger
3381 5793 3536 5850 aliter
3557 5794 3772 5849 sentiat.
