4054 6190
382 403 516 459 1057

1480 401 1672 459 SECT.
1715 402 1775 455 H.
1808 431 1875 442 —
1916 402 2473 461 MABTYBOLOGIA.

3516 417 3650 471 1038

1634 518 1859 573 EDITIO
1898 517 2367 573 COLONIENSIS.

380 622 544 673 vitate
571 614 743 669 natale
773 623 1079 668 sanctorum
1109 612 1308 677 Fausti,
1336 610 1576 668 Januarii
1603 622 1656 667 et
1683 614 1959 678 Martialis,
1994 617 2043 675 Α
2070 613 2181 665 saxi
2227 614 2493 681 spelunca:
2541 615 2605 669 ad
2654 617 2820 671 instar
2868 629 3160 685 praecavata
3201 623 3517 678 ostenditur.
3546 625 3651 680 Ru-

378 712 468 782 qui
500 709 727 777 primum
758 707 969 775 equulei
1002 723 1152 776 paena
1180 705 1437 774 cruciati,
1473 706 1667 761 deinde
1707 707 1840 761 rasis
1878 722 1961 760 su-

382 801 635 868 perciliis,
686 809 740 852 et
787 798 1004 853 auribus
1051 812 1112 853 ac
1160 799 1376 853 naribus
1422 797 1680 866 praecisis,
1719 798 1966 853 dentibus

378 908 592 962 quoque
641 891 1007 960 superioribus
1038 891 1253 955 evulsis,
1297 892 1582 961 deturpati,
1624 891 1688 945 ad
1723 893 1964 945 ultimum

380 987 516 1056 ignis
547 987 792 1054 passiOne
822 985 1133 1053 martyrium
1166 999 1629 1039 consuinmavere.
1657 984 1711 1037 ln
1744 984 1967 1039 Germa-

379 1079 465 1130 nia
496 1086 692 1130 sanctte
722 1073 899 1127 Liobte
930 1074 1177 1143 virginis,
1210 1090 1327 1144 quae
1370 1075 1438 1130 de
1478 1075 1748 1128 Britannia
1794 1075 1963 1129 insula

377 1182 405 1217 a
458 1174 644 1220 sancto
716 1162 985 1217 Bottit‘acio
1034 1165 1437 1232 archiepiscopo
1515 1164 1963 1234 Moguntiacensis

378 1256 631 1310 Ecclesiae
677 1256 931 1309 advocata
960 1296 973 1319 ,
1019 1264 1075 1309 ut
1120 1254 1344 1310 famulas
1393 1257 1483 1309 Dei
1531 1257 1583 1310 in
1625 1258 1963 1312 monasteriis

378 1349 679 1402 Germania:
731 1348 927 1402 divinis
980 1348 1269 1417 Scripturis
1336 1350 1661 1415 instrueret,
1714 1352 1800 1404 ubi
1858 1366 1961 1406 non

375 1448 549 1497 solum
584 1444 743 1496 multa
777 1442 1027 1496 miracula
1060 1443 1241 1495 vivens
1272 1442 1413 1507 fecit,
1455 1441 1562 1495 imo
1604 1452 1721 1509 post
1759 1444 1961 1499 obitum

378 1539 427 1590 iu
460 1536 729 1591 Buchonia
755 1536 889 1590 silva
926 1536 977 1589 ιιι
1020 1536 1345 1590 monasterio
1376 1534 1564 1599 Fulda,
1587 1535 1737 1603 juxta
1768 1536 1961 1591 decre-

378 1640 486 1683 tum
533 1630 702 1682 sancti
748 1627 1001 1681 Bonifacii
1048 1627 1277 1695 sepulta,
1322 1641 1425 1679 nou
1476 1627 1655 1693 paucis
1694 1626 1962 1681 miraculis

375 1722 562 1775 claret.
612 1719 811 1773 Eodem
851 1719 935 1773 die
986 1719 1161 1787 passio
1201 1719 1368 1771 sancti
1406 1716 1644 1771 Wenslai
1691 1716 1960 1785 martyris.

376 1812 560 1866 Romae
592 1813 764 1865 natale
791 1811 1007 1866 Stertei.
1046 1811 1099 1863 In
1150 1810 1322 1863 Africa
1366 1808 1621 1862 Martialis
1646 1849 1661 1875 ,
1695 1808 1961 1862 Laurentii

374 1915 426 1957 et
450 1905 671 1957 aliorum
694 1903 899 1971 viginti.
928 1899 1297 1954 Autissiodoro
1318 1899 1580 1967 depositio
1605 1897 1775 1953 sancti
1803 1898 1959 1953 Alodi

372 1994 629 2061 episcopi,
664 2003 716 2047 et
746 1994 797 2046 in
828 1993 995 2047 Gallia
1028 1992 1265 2047 Solornis
1296 1990 1548 2059 episcopi.

447 2088 509 2141 F.
551 2086 611 2141 lH
653 2086 890 2141 liueat).
934 2086 1067 2141 Ocr.
1110 2115 1179 2126 —
1219 2085 1275 2139 ln
1315 2095 1495 2139 monte
1525 2082 1770 2153 Gargano
1801 2098 1963 2138 vene-

373 2181 558 2234 rabilis
602 2180 857 2235 memoria
906 2178 1047 2233 beati
1087 2178 1388 2246 archangeli
1432 2176 1725 2243 Michaelis,
1760 2177 1845 2231 ubi
1888 2178 1965 2245 ip-

371 2275 486 2325 sius
514 2282 821 2327 cousecrata
857 2273 1071 2327 nomine
1119 2271 1348 2327 habetur
1398 2272 1643 2337 ecclesia,
1694 2273 1785 2326 vili
1828 2272 1960 2325 facta

373 2364 670 2428 schemate,
721 2363 812 2417 sed
859 2362 1066 2416 ctele~ti
1121 2363 1342 2431 praedita
1390 2362 1606 2416 virtute.
1651 2362 1861 2416 Vertice
1889 2363 1960 2415 si-

373 2456 586 2525 quidem
634 2456 829 2509 montis
873 2454 1070 2510 excelsi
1122 2455 1316 2523 posita,
1346 2454 1413 2509 de
1450 2469 1674 2521 corpore
1717 2451 1956 2521 ejusdem

2071 719 2229 758 mano
2259 706 2434 775 itaque
2466 708 2737 776 pontiﬁce,
2767 719 2822 764 et
2846 712 3123 781 Sipontino
3150 716 3403 786 episcopo
3428 718 3494 772 de
3525 736 3654 774 con-

2068 797 2371 852 secratione
2417 799 2517 852 loci
2578 803 2743 868 ipsius
2792 806 3194 871 quaerentibus,
3252 823 3314 862 ac
3370 821 3651 879 propterea

2074 884 2372 941 triduanum
2400 887 2665 957 jejunium
2689 908 2808 947 cum
2832 895 3034 949 civibus
3058 899 3472 966 celebrantibus,
3500 916 3653 958 nocte

2066 976 2247 1044 jejunii
2279 993 2524 1046 suprema
2554 994 2768 1037 sanctus
2808 986 3029 1042 Michael
3076 991 3325 1060 episcopo
3375 994 3653 1062 Sipontino

2072 1083 2163 1134 per
2195 1070 2453 1125 visiOnem
2503 1088 2764 1142 apparens
2813 1081 3039 1149 monuit,
3090 1091 3149 1136 ut
3188 1086 3450 1140 intrarent
3480 1088 3653 1143 eccle-

2068 1162 2224 1225 siam,
2251 1178 2408 1230 quatn
2435 1165 2546 1231 ipse
2568 1166 2853 1234 dedicavit,
2880 1182 2936 1225 et
2964 1175 3154 1229 missas
3182 1176 3249 1230 ibi
3272 1179 3419 1244 juxta
3447 1194 3650 1233 morem

2071 1262 2313 1320 agerent.
2349 1252 2629 1309 lnnumera
2662 1273 2873 1327 quoque
2912 1260 2981 1315 ibi
3024 1276 3341 1331 pra'stantnr
3376 1270 3650 1335 beneﬁcia,

2072 1355 2163 1407 per
2212 1355 2517 1399 sanctorum
2570 1351 3008 1419 arcltangelorum
3061 1358 3267 1409 merita.
3322 1361 3372 1411 In
3425 1361 3652 1415 Thracia

2067 1434 2283 1487 civitate
2338 1436 2561 1501 Eraclte,
2599 1441 2775 1495 natale
2825 1444 3015 1509 Eutici,
3071 1446 3225 1501 Plati.
3285 1450 3654 1508 Autissiodoro

2067 1527 2326 1595 depositio
2358 1529 2597 1586 Fraterni
2621 1536 2878 1604 episcopi.

2140 1617 2203 1671 G.
2255 1618 2407 1675 Puto.
2465 1623 2703 1681 ΚΑιεΝι).
2746 1628 2876 1683 Οοτ.
2918 1660 2989 1671 -
3030 1632 3085 1686 In
3138 1634 3408 1692 Bethleem
3457 1639 3653 1696 .ludazar

2068 1712 2335 1779 depositio
2380 1719 2550 1773 sancti
2604 1720 2912 1793 llierouymi
2960 1726 3297 1795 presbyteri,
3347 1732 3497 1799 cujus
3547 1736 3651 1789 vita

2065 1817 2120 1861 et
2145 1808 2384 1863 doctrina
2414 1812 2607 1881 ubique
2651 1816 2700 1868 in
2740 1817 2984 1871 ecclesiis
3014 1818 3211 1873 Christi
3258 1823 3534 1878 laudabilis
3560 1842 3652 1880 ex-

2067 1909 2191 1965 stat,
2241 1904 2510 1970 quomodo
2554 1904 2765 1960 divinos
2814 1908 2978 1961 libros
3019 1924 3083 1963 ex
3128 1911 3341 1965 “Cbth
3391 1913 3568 1982 lingua
3599 1918 3650 1969 iti

1999 1984 2041 2041 Β
2070 1994 2309 2047 Latinam
2341 1996 2626 2061 transtulit,
2662 2000 3110 2071 pr0pheticosque
3154 2019 3315 2057 sensu
3360 2006 3652 2075 allegorico

2068 2089 2339 2155 exposuit.
2396 2089 2610 2143 tandem
2661 2092 2957 2160 perfectam
3010 2096 3359 2166 placitumque
3399 2098 3506 2153 Deo
3536 2111 3655 2169 post

2067 2180 2549 2245 conversationem,
2579 2183 2924 2254 nonagesimo
2954 2195 3142 2239 octavo
3164 2189 3333 2241 aetatis
3357 2204 3466 2242 sum
3489 2203 3651 2252 anno,

2064 2267 2205 2333 apud
2238 2268 2512 2324 Bethleem
2548 2272 2597 2325 itt
2635 2287 2765 2341 pace
2804 2275 3025 2343 quievit,
3073 2277 3389 2333 duodecimo
3433 2281 3651 2336 Honorii

2072 2360 2409 2426 imperatoris
2440 2378 2601 2416 anno.
2637 2363 2689 2417 lu
2723 2365 2908 2420 Galliis
2937 2378 3113 2420 castro
3144 2368 3406 2425 Solodoro
3436 2385 3652 2426 sancto-

2067 2468 2181 2504 rum
2214 2464 2506 2531 martyrum
2542 2456 2769 2512 Victoris
2800 2469 2853 2513 et
2888 2458 3027 2528 Ursi,
3061 2477 3125 2515 ex
3165 2462 3395 2532 gloriosa
3445 2465 3653 2535 legione

1587 2544 1819 2599 EDITIO
1860 2542 2366 2598 BULLANDIANA.

378 2639 452 2691 tio
482 2638 537 2692 S.
569 2645 595 2674 ⁸
621 2636 790 2689 Alodii
822 2634 1079 2700 epiSCOpi.
1133 2636 1213 2700 B.,
1258 2636 1441 2690 [imum
1474 2636 1660 2690 natalis
1684 2638 1741 2689 S.
1770 2635 1962 2690 Justiui

376 2709 693 2779 presbyteri.
745 2709 796 2779 In
854 2708 1026 2779 Africa
1079 2706 1740 2779 natalisSS._Martialis,
1793 2707 1959 2779 Marii,

378 2774 639 2833 Faustini.
673 2776 1043 2831 Autissiodoru
1080 2776 1344 2844 depositio
1372 2776 1397 2814 δ
1429 2774 1667 2830 Fraterni
1707 2777 1961 2844 episcotzi.

442 2870 899 2995 9.9.l—lllthL.
948 2870 1221 2925 Dedicatio
1262 2869 1505 2924 ecclesize
1567 2869 1737 2923 sancti
1789 2869 1962 2939 angeli

442 2946 535 2995 Mic
561 2958 640 2995 tae
668 2942 730 2995 is.

376 2957 398 2983 ο
438 2942 730 2998 Michaelis.

449 3036 661 3087 Plenius
691 3034 751 3086 V.
783 3043 836 3088 et
864 3033 924 3089 C.
962 3051 973 3085 :
998 3034 1022 3069 ά
1043 3035 1221 3087 Itonia:
1253 3034 1331 3087 via
1358 3032 1558 3087 Salaria
1592 3031 1844 3085 milliario
1870 3046 1959 3085 se-

375 3108 562 3173 ptimo,
596 3106 862 3159 dedicatio
895 3105 1126 3157 basilica:
1157 3106 1322 3157 sancti
1346 3103 1652 3170 archangeli
1690 3104 1961 3158 Michaelis
1991 3111 2035 3171 C

376 3179 457 3228 vel
492 3177 541 3228 in
567 3186 744 3228 monte
766 3177 852 3243 qui
876 3176 1065 3229 dicitur
1080 3174 1373 3244 Garganus,
1401 3174 1486 3227 ubi
1512 3176 1673 3227 multa
1698 3176 1960 3229 mirabilia

376 3246 518 3298 Deus
548 3246 794 3299 ostendit.

449 3322 513 3370 A.
545 3317 608 3371 Τ.
644 3316 728 3380 ι..,
762 3313 1131 3370 Autissiodoro
1160 3314 1419 3382 depositio
1443 3314 1502 3367 S.
1535 3323 1558 3350 θ
1579 3313 1820 3368 Fraterni
1850 3316 1963 3383 epi-

2070 2636 2236 2703 scopi.
2269 2633 2353 2701 B.,
2386 2636 2523 2690 Alibi
2556 2639 2745 2694 natalis
2776 2638 2877 2697 SS.
2908 2641 3098 2708 Sossii,
3126 2642 3382 2699 Januarii.

2140 2747 2227 2802 50.
2278 2778 2347 2788 --
2393 2749 2433 2802 II
2480 2750 2617 2804 KAL.
2667 2751 2723 2805 In
2767 2752 3041 2809 Bethleem
3088 2755 3222 2809 Jutla
3270 2758 3531 2826 depositio
3594 2760 3653 2817 S.

2069 2838 2374 2905 tliet0u3tni
2424 2840 2750 2911 presbyteri,
2804 2844 2892 2913 qui
2941 2844 3072 2898 obiit
3118 2860 3257 2901 anno
3307 2849 3653 2917 noiiagt-sitno

2069 2933 2241 2999 primo
2269 2930 2355 3003 [Β.
2387 2948 2487 2985 om.
2520 2930 2736 3003 primo].

2143 3043 2330 3099 Florus
2374 3045 2424 3098 in
2468 3046 2535 3099 A.
2567 3046 2631 3099 Τ.
2666 3046 2727 3100 L.
2757 3064 2770 3099 :
2812 3046 2909 3113 Qui
2939 3060 3137 3103 sanctae
3168 3049 3424 3107 Ecclesite
3451 3067 3549 3107 suo
3579 3055 3654 3107 la-

2072 3134 2198 3188 bore
2226 3135 2389 3187 multa
2436 3137 2692 3201 contulit;
2746 3136 2866 3190 huic
2908 3139 3051 3192 enim
3100 3142 3329 3195 mundus
3370 3144 3654 3199 cruciﬁxus

2070 3223 2165 3281 fuit
2194 3238 2248 3281 et
2278 3230 2366 3283 ille
2394 3229 2612 3297 mundo,
2647 3229 2882 3298 ohiitque
2912 3246 3052 3285 anno
3082 3234 3426 3303 nonagesimo
3458 3237 3647 3305 primo.

2146 3319 2203 3373 V.
2240 3318 2326 3386 C.,
2370 3317 2425 3373 In
2473 3319 2736 3375 Placeuzia
2786 3321 2999 3376 civitate
3029 3323 3088 3377 S.
3126 3334 3150 3371 8
3184 3327 3460 3383 Antonini.
3496 3326 3557 3382 V.
3587 3327 3648 3382 C.

1772 3430 1974 3489 SillTH
2016 3433 2244 3488 NOTAE.

456 3533 481 3560 θ
515 3522 704 3576 Αιοάὶἔ.
738 3519 834 3574 llic
863 3520 919 3573 Β.
963 3518 1232 3574 Germano
1263 3517 1435 3571 adhuc
1466 3518 1749 3583 superstite
1778 3535 1965 3575 mona-

371 3594 538 3650 sterio
569 3594 707 3646 illius
747 3591 1159 3644 arcliimandrita
1193 3588 1431 3657 praefuit;
1473 3588 1741 3641 Germano
1780 3604 1960 3645 autem

370 3668 624 3719 defuncto
655 3678 795 3715 anno
819 3661 1033 3715 circiter
1060 3658 1187 3718 488.
1230 3660 1277 3711 ei
1310 3660 1566 3712 successit
1593 3662 1821 3712 Uctavus
1855 3671 1959 3716 Au-

379 3736 773 3790 tissiodoreusis
801 3733 1101 3799 cpisc0pus.
1144 3728 1287 3783 Obiit
1325 3730 1464 3783 circa
1512 3744 1600 3783 an.
1649 3727 1770 3800 518,
1816 3742 1959 3800 post-

371 3822 528 3872 quam
555 3803 780 3857 sedisset
805 3815 972 3872 annos
999 3800 1089 3863 3t),
1122 3814 1360 3872 mensem
1392 3801 1443 3868 l,
1486 3800 1602 3854 dies
1634 3799 1733 3867 12,
1777 3814 1831 3856 et
1876 3818 1960 3857 se-

373 3870 551 3945 pultth
578 3884 659 3928 est
684 3873 736 3945 in
771 3873 825 3945 Bm.
862 3870 1114 3925 Germani
1144 3870 1385 3945 basilica.

446 3944 470 3981 ιι
499 3943 761 3997 Fraterni.
797 3943 920 3997 Dies
958 3957 1186 4011 sequens
1215 3952 1297 3996 est
1336 3938 1493 4010 hujus
1529 3941 1718 3997 natalis
1742 3982 1756 4007 ,
1797 3957 1958 4013 quem

374 4016 511 4070 vide.

448 4092 468 4117 ε
524 4083 810 4138 Michaelis.
856 4083 1088 4137 Ecclesia
1133 4083 1245 4135 haec
1274 4081 1362 4135 vili
1396 4081 1528 4135 facta
1558 4091 1639 4135 est
1665 4083 1957 4151 schemate,

374 4158 467 4212 sed
498 4156 702 4211 caelesti
737 4155 954 4220 praedita
984 4153 1211 4217 virtute;
1244 4154 1483 4206 Bomauo
1515 4154 1775 4221 siquidem
1821 4171 1957 4223 pon-

377 4227 516 4283 tiﬁce
564 4235 618 4279 et
667 4226 945 4293 Sipontino
992 4225 1244 4293 episcopo
1287 4224 1352 4276 de
1402 4227 1805 4279 consecratione
1851 4227 1951 4281 loci

378 4299 542 4367 ipsius
569 4298 949 4364 querentibus,
975 4303 1342 4367 ac‘propterea
1369 4296 1671 4367 triduanum
1690 4294 1950 4364 jejunium

378 4364 493 4419 cum
527 4367 731 4419 etvibns
761 4364 1174 4425 celebrantibus,
1222 4374 1375 4416 nocte
1401 4365 1587 4431 jejuuii
1615 4381 1859 4434 suprema
1891 4368 1948 4421 S.

378 4437 603 4495 Michael
634 4438 881 4502 episcopo
923 4435 1205 4500 Sipuntiuo
1246 4448 1341 4501 per
1386 4437 1645 4487 visionem
1696 4452 1953 4503 apparens

378 4512 583 4562 monuit
614 4517 670 4559 ut
699 4512 953 4558 intrarent
992 4506 1294 4568 ecclesiam,
1336 4520 1493 4571 quam
1529 4508 1639 4566 ipse
1667 4505 1950 4570 dedicavit,

2070 3523 2275 3580 stravit.
2308 3520 2429 3573 hinc
2461 3519 2753 3585 Aquileiam
2785 3519 2951 3587 petit,
3006 3519 3126 3574 inde
3154 3535 3248 3586 per
3290 3521 3601 3577 Dalmatiam
3626 3565 3642 3587 ,

2069 3592 2346 3645 Thraciam
2372 3591 2647 3660 variasque
2668 3590 2808 3660 Asiae
2835 3591 3138 3660 provincias
3165 3591 3495 3645 Antiochiam
3522 3609 3641 3660 per-

2069 3662 2223 3716 rexit.
2250 3659 2841 3731 Exindemonasticam
2871 3658 2992 3713 vita:
3023 3660 3317 3731 institutum
3342 3658 3637 3731 ampleitus,

2067 3729 2404 3811 anno-aetatis
2434 3728 2502 3781 50
2532 3729 2579 3779 itt
2608 3729 2889 3819 solitudine
2920 3730 3128 3781 horrida
3158 3732 3332 3819 .Byrqs
3360 3741 3413 3785 et
3435 3728 3639 3819 Agaue;

2069 3817 2164 3855 nos
2214 3801 2350 3853 inter
2394 3814 2487 3865 per
2524 3798 2926 3863 quadriennium
2977 3798 3234 3853 consedit.
3275 3800 3429 3854 Anno
3476 3798 3581 3856 578
3610 3818 3638 3857 a

2074 3871 2288 3924 Paulino
2331 3867 2664 3940 Antiot-heno
2694 3871 2757 3921 ad
2801 3869 3116 3940 presbyterii
3161 3871 3383 3939 gradum
3428 3883 3644 3929 evectus

2064 3952 2165 3995 est.
2193 3945 2346 3997 Anno
2375 3938 2479 3996 382
2506 3939 2758 3993 Paulinus
2786 3949 2840 3994 et
2872 3938 3194 4008 Epiphanius
3231 3942 3454 3995 Romam
3485 3945 3641 3998 acciti

2067 4013 2445 4081 Hieronymum
2475 4026 2537 4065 ex
2562 4009 2777 4064 Oriente
2806 4014 2903 4065 vite
2932 4010 3179 4081 comitem
3203 4027 3380 4065 secum
3409 4014 3642 4067 abduxe-

2065 4095 2206 4136 runt.
2244 4079 2462 4135 ltotnziiri
2495 4092 2874 4147 commoratus,
2925 4079 3064 4150 apud
3107 4082 3320 4135 Paulam
3364 4087 3499 4151 piam
3533 4100 3643 4139 ma-

2067 4164 2274 4208 tronam
2307 4168 2400 4218 per
2432 4151 2712 4203 triennium
2743 4151 2987 4215 divertit,
3036 4153 3318 4205 maxime
3359 4155 3496 4220 apud
3528 4172 3643 4208 ont-

2066 4240 2159 4278 ttes
2194 4228 2383 4276 tamam
2404 4234 2719 4292 assecutus;
2744 4222 2825 4292 ita
2857 4232 2912 4274 ιιι
2939 4237 2967 4273 a
3006 4222 3228 4275 Damaso
3261 4238 3388 4289 papa
3420 4227 3639 4292 eligere-

2063 4306 2165 4358 tur,
2198 4294 2285 4361 qui
2316 4291 2415 4344 sibi
2460 4292 2527 4343 ab
2565 4290 2804 4357 epistolis
2831 4293 3252 4361 eoascribendts
3303 4304 3464 4347 esset.
3496 4290 3643 4348 'Post

2063 4359 2288 4419 mortem
2322 4360 2551 4427 Damasi,
2585 4375 2723 4413 anno
2755 4359 2892 4424 505,
2913 4362 3639 4431 Origt-uistarum‘calumniis

2060 4440 2377 4503 exagitatus,
2425 4432 2588 4485 Itonia
2621 4431 2887 4503 discessit,
2938 4441 2989 4485 et
3030 4448 3160 4485 nave
3191 4449 3503 4499 conscensa,
3535 4435 3639 4503 Cy-

2066 4501 2216 4573 prum
2264 4506 2473 4558 delatus
2501 4505 2567 4555 ab
2615 4501 2911 4573 Epiphanio
2941 4503 3243 4569 suscipitur.
3294 4504 3420 4557 Inde
3451 4501 3637 4557 Antio-

376 4595 426 4633 ιιι
461 4581 647 4632 missas
680 4576 745 4628 ibi
772 4575 918 4643 juxta
968 4591 1170 4627 rnorem
1220 4552 1470 4628 facetieut.
1520 4552 1781 4641 ΙάδυιιιιυἼ
1818 4552 1950 4632 Atto:
1990 4552 2037 4610 θ
2063 4552 2235 4629 ἕΙΙΠΙΙΙΙ
2284 4576 2487 4642 pergit,
2538 4583 2589 4626 et
2632 4552 2674 4623 al
2704 4552 2921 4625 Paulino
2960 4552 3217 4627 dedticms
3248 4575 3417 4628 inedia
3450 4575 3638 4644 hyeme

376 4649 636 4719 Superius
662 4657 852 4719 octavo
884 4646 1001 4698 ldtts
1030 4645 1150 4699 Maii
1181 4646 1247 4698 de
1277 4646 1608 4719 apparitione
1642 4648 1832 4714 agitur.

449 4714 474 4759 ἆ
511 4719 679 4773 Verba
716 4718 892 4771 Itonia:
917 4719 995 4769 via
1026 4756 1040 4769 .
1074 4752 1089 4769 .
1127 4754 1141 4769 .
1175 4717 1386 4786 septimo
1418 4732 1524 4768 om.
1553 4714 1615 4768 (1.

453 4803 477 4828 ε
519 4788 774 4841 Fraterni.
807 4790 906 4854 Qui
945 4789 1201 4841 successit
1249 4787 1483 4849 Allodio,
1538 4796 1589 4838 et
1642 4801 1809 4839 nonus
1840 4802 1954 4839 eam

374 4864 559 4917 sedem
590 4859 879 4925 accipiens,
911 4859 1065 4911 unico
1100 4866 1296 4909 tantum
1328 4858 1412 4908 die
1440 4858 1576 4907 illaut
1604 4858 1807 4909 tenuit:
1838 4874 1956 4909 nam

376 4950 436 4987 ea
469 4936 553 4988 die
583 4946 683 4999 qua
716 4930 997 4995 episcOpus
1026 4938 1108 4981 est
1152 4925 1446 4999 ordinatus,
1471 4940 1515 4999 Δει
1546 4926 1787 4999 barbaris
1818 4944 1959 4999 mar-

378 5008 524 5075 tyrio
552 4996 849 5075 coronatus
889 5010 989 5053 est.
1022 4996 1367 5075 Apud‘Pttila
1394 4996 1589 5075 L_abbei
1638 4998 1775 5051 Bibl.
1823 4998 1956 5054 Nov.

379 5068 515 5128 toni.
552 5073 567 5125 l
600 5071 735 5125 Hist.
770 5070 1137 5137 episcoporum
1171 5068 1465 5120 Autissiod.

454 5144 475 5181 ί
513 5141 834 5210 Hieronymi.
870 5141 961 5193 Hic
994 5141 1205 5192 natione
1245 5137 1481 5210 Dalmata
1512 5137 1626 5201 fuit,
1672 5148 1725 5192 et
1755 5138 1961 5194 Strido-

380 5232 503 5271 nem
536 5208 786 5281 oppidum
813 5215 861 5263 in
888 5210 1174 5281 Pannonia:
1204 5218 1254 5261 et
1272 5208 1553 5281 Dalmatite
1576 5210 1810 5262 coutiniu
1833 5211 1960 5263 olitu

380 5290 540 5340 situm
574 5279 802 5337 natalem
834 5279 1036 5334 habuit.
1082 5280 1237 5332 Patre
1269 5279 1495 5334 Eusebio
1529 5290 1683 5332 natus
1712 5294 1788 5333 εει
1822 5298 1963 5332 anno

382 5357 506 5413 3'29.
538 5354 843 5409 Meliorihus
873 5352 1169 5418 diSt-iplinis
1198 5350 1263 5403 ab
1288 5352 1402 5419 ipso
1434 5366 1596 5415 puero
1618 5352 1880 5414 eruditus,
1911 5352 1961 5405 iu

381 5426 742 5493 grammaticis
794 5426 1050 5476 Donatum
1076 5464 1091 5484 ,
1135 5424 1184 5473 iu
1219 5421 1496 5493 rhetoricis
1517 5420 1876 5493 Victorinum,
1912 5423 1962 5475 itt

387 5488 659 5553 Hebraicis
683 5494 979 5547 Barhaniua
1005 5493 1239 5560 aliosque
1260 5488 1489 5555 Judzeos,
1515 5492 1564 5543 in
1590 5495 1753 5545 sacris
1776 5494 1965 5546 litteris

385 5569 702 5638 Gregorium
751 5566 1101 5638 theologum,
1149 5563 1531 5638 Apollinarium
1581 5563 1962 5638 [.aodiceguum,

388 5632 665 5694 Pauituum
716 5632 1140 5697 Autioclienum,
1187 5643 1241 5686 et
1290 5634 1590 5687 semicanus
1637 5632 1745 5701 jam
1798 5635 1964 5687 lactus

388 5712 670 5779 Didymum
696 5704 1112 5779 Alexandrinum
1146 5715 1511 5779 praeceptores
1531 5704 1733 5779 habuit.
1765 5705 1962 5757 Adulta

386 5773 545 5834 :ctaie
580 5779 875 5845 baptizatus
903 5787 982 5829 est
1013 5776 1216 5839 Horme,
1240 5790 1406 5843 eaque
1440 5776 1643 5837 relicta,
1677 5773 1729 5827 in
1755 5785 1965 5831 exteras

392 5853 639 5919 regiones
690 5848 1010 5915 peregrinari
1060 5848 1257 5914 coepit;
1304 5846 1501 5901 Gallias
1550 5859 1735 5902 omnes
1785 5846 1962 5915 perlu-

2067 4648 2485 4715 Iltet'osulytnattt
2520 4644 2767 4715 intravit.
2804 4645 2958 4715 Anno
2997 4647 3236 4709 sequenti
3268 4648 3317 4697 ιιι
3347 4644 3633 4715 Αἰμγμιυιυ

2059 4713 2354 4778 contendit,
2382 4715 2699 4768 monasteria
2727 4713 3012 4765 Nitriettsia
3044 4716 3300 4779 lustravit,
3331 4728 3383 4769 et
3406 4713 3637 4769 Alexan-

2059 4788 2191 4841 dria:
2221 4786 2522 4851 aliquandiu
2558 4784 2748 4846 Inesit;
2781 4798 2967 4835 verum
2992 4788 3175 4848 nimio,
3199 4786 3338 4852 quod
3369 4787 3504 4838 inter
3524 4802 3639 4839 nio-

2061 4861 2260 4910 nachos
2289 4858 2459 4909 locum
2494 4855 2691 4908 habere
2720 4853 3092 4920 deprehendit,
3115 4854 3431 4921 Origenismi
3456 4856 3633 4911 studio

2060 4928 2293 4981 offensus
2326 4926 2657 4978 Patres-titiam
2692 4926 2869 4986 rediit,
2904 4940 2965 4978 ac
3003 4926 3182 4978 sedem
3226 4942 3345 4979 rura
3393 4926 3635 4980 ltcthlee-

2064 5000 2237 5051 mitica
2270 4998 2366 5050 sibi
2406 4997 2587 5065 elegit,
2628 4997 2717 5051 ubi
2748 4996 2920 5048 studia
2972 4995 3251 5064 diligenter
3283 4998 3537 5065 urgebat,
3586 5008 3640 5050 et

2062 5073 2257 5137 scripta
2302 5068 2577 5120 innumera
2627 5067 2875 5121 confecit.
2921 5070 3075 5121 Anno
3122 5065 3227 5120 410
3276 5068 3528 5134 plurimos
3570 5070 3640 5119 ab

2065 5136 2192 5192 urbe
2224 5139 2389 5192 Roma
2414 5154 2442 5190 a
2471 5137 2658 5191 Gothis
2685 5150 2981 5204 expugnata
3014 5136 3281 5204 profugos,
3312 5153 3513 5190 summa
3536 5152 3638 5205 qua

2066 5213 2231 5278 potuit
2250 5225 2352 5276 ope
2374 5208 2689 5262 sublevavit.
2712 5210 2950 5262 Tandem
2976 5222 3115 5259 anno
3136 5208 3331 5260 Curisti
3357 5207 3461 5260 420
3486 5208 3639 5259 tanta:

2064 5298 2124 5333 ac
2152 5282 2359 5333 dierum
2387 5286 2535 5331 satur
2562 5282 2612 5332 in
2644 5294 2857 5334 secessu
2895 5278 3301 5332 Bethleemitico
3343 5280 3501 5332 rebus
3532 5279 3640 5330 hu-

2065 5354 2234 5404 manis
2257 5360 2534 5416 exemptus
2563 5361 2665 5415 est,
2694 5352 2864 5403 anatis
2895 5363 3006 5403 sua:
3033 5347 3125 5403 9|.

2138 5431 2162 5467 ts
2194 5421 2453 5473 Antonini.
2491 5420 2636 5475 Licet
2670 5420 2940 5474 Usttat’dus
2964 5432 3017 5475 et
3046 5420 3162 5474 Atio
3188 5418 3431 5473 eumdem
3460 5417 3643 5485 appel-

2067 5492 2177 5545 lent
2200 5492 2576 5553 confessorem,
2617 5499 2824 5543 constat
2863 5502 3037 5545 tamen
3064 5506 3127 5545 ex
3160 5493 3274 5559 ejus
3306 5492 3453 5543 Actis
3478 5502 3640 5542 occu-

2066 5564 2241 5615 buisse
2272 5569 2459 5629 martyr
2476 5561 2552 5613 io:
2588 5563 2776 5616 recitat
2796 5575 2860 5615 ea
2886 5562 3071 5615 Petrus
3093 5561 3159 5615 de
3184 5562 3351 5613 Natat.
3378 5574 3493 5624 vnl,
3518 5560 3639 5623 155,

2068 5634 2157 5687 ubi
2187 5632 2345 5686 etiam
2377 5634 2484 5700 agit
2527 5631 2594 5685 de
2634 5634 2941 5686 inventione
2986 5630 3229 5699 corporis
3255 5630 3395 5701 ejus,
3436 5642 3639 5699 tempo-

2067 5706 2212 5757 ribus
2241 5704 2299 5755 S.
2333 5704 2511 5757 Sabini
2544 5703 2826 5757 Placentia:
2865 5703 3011 5757 urbis
3035 5703 3269 5771 episcopi
3319 5702 3476 5765 facta,
3522 5716 3640 5767 quae

2067 5776 2165 5828 hac
2221 5774 2308 5827 die
2367 5772 2734 5830 anniversaria
2794 5773 3301 5831 commemoratione
3366 5772 3638 5830 recolitur.

2069 5845 2265 5900 BAHON.
2300 5844 2352 5898 itt
2385 5842 2534 5899 Notis
