4022 6200
340 386 470 442 1061

1463 392 1661 448 SECT.
1705 392 1766 446 ll.
1810 419 1876 431 --—
1919 390 2483 448 MABTYROLOCIA.

3455 401 3476 453 l
3487 400 3594 453 063

1607 502 1836 556 EDITIU
1873 500 2360 558 CULONIENSIS.

404 590 466 646 Β.
513 590 573 644 Vl
610 590 742 644 NON.
785 589 918 645 Ocr.
960 620 1027 631 -—
1062 593 1249 649 Natale
1277 596 1444 648 sancti
1481 594 1699 651 Eusebii
1745 601 2268 679 papgrAJuigravit
2298 599 2361 651 ad
2392 597 2675 650 Chi-istum.

331 682 419 749 qui
467 680 605 735 sedit
636 685 687 734 in
716 682 1027 751 episcopatu
1074 699 1242 738 annos
1291 696 1518 753 septem,
1552 689 1789 757 sepultus
1833 701 1939 743 est»

330 776 413 825 via
448 776 636 841 Appia,
667 774 717 827 in
747 775 1058 828 cmnieterio
1094 774 1297 831 Calisti.
1330 776 1444 831 Sub
1472 777 1630 846 hujus
1677 791 1949 845 tempore'

332 864 552 917 inventa
584 873 664 917 est
691 880 817 918 crux
867 864 1077 918 Domini
1120 869 1286 920 nostri
1328 867 1453 922 Jesn
1486 868 1703 933 Christi,
1730 872 1911 938 quinta

333 955 514 1010 Nonas
558 956 695 1010 Maii.
745 956 839 1010 llic
882 957 1162 1012 haereticos
1192 958 1388 1013 invenit
1418 961 1468 1014 in
1500 961 1652 1027 urbe,
1685 978 1821 1029 quos
1848 963 1915 1016 ad

335 1062 589 1101 manuum
646 1048 1039 1116 impositionem
1096 1052 1476 1106 reconciliavit.
1532 1054 1588 1107 lu
1648 1055 1920 1109 territorio

334 1141 698 1205 Atrebatensi,
730 1141 851 1193 villa
884 1141 1149 1212 Syricinio
1182 1143 1357 1211 passio
1399 1146 1567 1198 sancti
1612 1145 1917 1216 Leodegarii

336 1231 834 1298 Augustudunetisis
860 1232 1115 1299 episcoiii,
1143 1249 1300 1299 quem
1332 1234 1490 1288 variis
1516 1234 1724 1304 injuriis
1752 1244 1806 1289 et
1832 1236 1917 1289 di-

335 1322 511 1373 versis
558 1321 834 1387 suppliciis
891 1336 989 1388 pro
1038 1322 1262 1377 veritate
1306 1322 1564 1378 afﬂictum
1618 1324 1918 1379 l’lebroiuus

339 1412 512 1480 major
541 1413 699 1478 regia:
728 1412 919 1465 donius
960 1412 1242 1467 interfecit.
1288 1414 1451 1482 Cujus
1499 1414 1917 1469 sacratissimum

334 1516 531 1571 corpus
580 1503 633 1554 in
682 1500 900 1556 ditecesi
949 1501 1285 1557 Pictavorum
1337 1506 1673 1570 translatum,
1718 1504 1770 1559 in
1809 1520 1921 1559 mo-

338 1595 572 1649 nasterio
603 1594 744 1649 beati
790 1597 1037 1651 Maxentii
1071 1598 1361 1653 honorifice
1402 1610 1486 1655 est
1536 1606 1831 1655 humatum.
1867 1601 1920 1655 In

335 1686 649 1742 Nicomedia
703 1690 873 1742 sancti
924 1689 1215 1743 Eleullierii
1255 1692 1525 1759 martyris,
1567 1692 1666 1745 sub
1716 1691 1923 1746 Diocle-

342 1779 506 1845 tiano,
537 1777 628 1846 qui
659 1793 754 1847 per
778 1778 918 1832 varia
944 1787 1331 1833 tormentorum
1360 1795 1558 1850 genera
1586 1782 1924 1836 examinatus

2090 689 2152 740 C.
2197 687 2235 741 ν
2278 688 2411 741 Nos.
2451 686 2584 742 Ocr.
2624 717 2694 729 —
2733 688 2916 743 Natale
2947 691 3114 745 sancti
3162 692 3397 765 Dionysii
3436 700 3607 753 Areo-

2025 780 2232 859 pagitae,
2283 780 2372 848 qui
2421 779 2489 834 ab
2532 781 2776 847 apostolo
2808 768 2991 834 'Paulo
3042 783 3330 839 instructus
3378 788 3608 843 credidit

2024 871 2262 935 Christo,
2304 880 2357 924 et
2405 872 2605 937 primus
2646 871 2871 925 Athenis
2901 872 2965 926 ab
2993 874 3181 928 eodem
3217 878 3460 943 apostolo
3498 880 3608 947 epi-

2028 964 2223 1031 seopus
2255 964 2655 1049 est.ordinatus,
2688 973 2745 1016 et
2780 964 2879 1016 sub
2923 965 3155 1019 Adriano
3200 967 3457 1035 principe,
3489 979 3609 1038 post

2025 1055 2372 1126 clarissimam
2404 1052 2796 1107 cornussionem
2829 1052 2969 1120 lidei,
3005 1068 3117 1122 post
3153 1058 3463 1125 gravissima
3490 1070 3606 1115 tor-

2026 1126 2327 1217 metigruiu
2356 1158 2548 1213 genera
2578 1142 2811 1212 glorioso
2839 1148 3091 1214 martyrio
3114 1157 3419 1202 coronatur.
3450 1152 3604 1215 Apud

2023 1218 2538 1317 antiqiios'l§axones
2563 1234 2739 1287 natale
2767 1244 3070 1288 sanctorum
3114 1238 3336 1293 duorum
3380 1241 3606 1297 Evaldo—

2024 1341 2140 1380 rum
2170 1317 2626 1397 presbyterorum,
2652 1326 2741 1394 qui
2768 1340 2889 1380 cum
2923 1327 3080 1381 beato
3105 1328 3446 1388 Willibrordo
3482 1336 3603 1405 epi-

2021 1430 2189 1485 scopo
2232 1416 2507 1470 venientes
2550 1416 2601 1485 in
2643 1414 3006 1481 Germaniam,
3042 1419 3298 1475 transiere
3334 1421 3402 1475 ad
3438 1422 3608 1479 Saxo-

2025 1520 2162 1570 nes,
2213 1516 2267 1559 et
2318 1519 2438 1559 cum
2488 1504 2780 1572 praedicare
2830 1506 2900 1560 ibi
2954 1505 3223 1563 Christum
3282 1512 3608 1581 coepissent,

2025 1594 2402 1664 comprehensi
2448 1605 2570 1676 sunt
2612 1610 2642 1649 a
2696 1597 2914 1663 paganis
2959 1606 3015 1650 et
3056 1598 3234 1652 occisi.
3275 1600 3355 1655 Ad
3383 1617 3607 1672 quorum

2026 1702 2255 1753 corpora
2286 1672 2642 1760 noctu'fmulta
2670 1687 2763 1741 diu
2789 1688 2875 1741 lux
2903 1702 3188 1760 apparens,
3208 1693 3377 1755 θυιὺί
3406 1704 3617 1757 essent.

2028 1791 2081 1835 et
2108 1782 2259 1847 cujus
2289 1789 2473 1833 essent
2498 1756 2670 1835 insint
2705 1780 3014 1835 declaravit.

1610 1868 1840 1927 EDITIO
1884 1869 2402 1927 BOLLANDIANA.

406 1956 458 2013 2.
486 1986 559 2001 -
590 1957 652 2013 Vl
676 1956 873 2013 Nonas.
910 1956 1073 2013 Vacat
1100 1958 1274 2015 Baeda.

410 2049 606 2105 Florus
630 2051 681 2104 iii
710 2057 775 2106 A.
802 2050 866 2104 Τ.
887 2049 1047 2114 L.,ln
1076 2048 1241 2104 Callia
1271 2052 1444 2119 passio
1473 2050 1531 2107 8.
1558 2052 1583 2080 ⁸
1612 2050 1921 2121 Leodegarii

338 2142 575 2211 episcopi
602 2152 655 2196 et
683 2142 959 2213 martyris,
982 2141 1072 2210 qui
1097 2142 1247 2210 jussu
1279 2142 1519 2207 Ebroini,
1543 2144 1633 2214 qui
1664 2154 1787 2199 ante
1809 2159 1924 2197 nio-

340 2233 565 2298 nachus,
600 2242 723 2287 tunc
754 2233 1146 2302 major-domus
1193 2236 1424 2301 exstitit,
1466 2238 1632 2291 oculis
1661 2245 1717 2291 et
1744 2238 1918 2306 lingua

342 2328 603 2397 privatur,
633 2326 727 2380 sed
768 2326 905 2380 fame
952 2341 1055 2381 non
1104 2327 1348 2381 tollitur:
1398 2337 1450 2383 et
1499 2339 1677 2397 postea
1728 2343 1918 2400 magna

339 2417 519 2486 inopia
551 2416 875 2486 trucidatus,
921 2417 1207 2473 novissime
1236 2432 1367 2474 ense
1392 2428 1644 2490 suscepto
1672 2420 1925 2491 plectitur

339 2510 541 2579 capite.

412 2620 849 2688 Supplementum
876 2620 1027 2674 deest
1054 2621 1105 2674 in
1136 2620 1221 2686 D.,
1255 2637 1413 2675 manu
1434 2631 1609 2676 autem
1639 2620 1923 2676 recentiori

341 2692 652 2761 inscriptum
683 2702 795 2744 est:
826 2691 1012 2745 Natale
1035 2691 1091 2746 S.
1123 2691 1434 2759 Leudegarii
1459 2695 1725 2761 martyris.
1760 2693 1820 2745 Β.
1853 2692 1916 2744 ν.

340 2761 428 2825 C.,
482 2762 539 2814 In
588 2760 865 2815 Antiochia
913 2761 1111 2825 Primi,
1167 2761 1399 2828 Quirilli.
1456 2772 1511 2815 et
1557 2762 1921 2825 Secundiatii,

344 2833 528 2886 Romae
542 2831 602 2885 S.
624 2833 648 2867 ιι
672 2831 886 2885 Eusebii
912 2831 1167 2898 episc0pi.
1197 2834 1333 2886 Alibi
1359 2835 1379 2862 ε
1408 2830 1598 2887 Felicis
1617 2845 1668 2885 et
1684 2833 1848 2887 Casii.
1874 2834 1926 2885 lii

343 2916 479 2972 pago
542 2902 838 2973 Pictavensi
891 2902 1154 2970 depositio
1220 2902 1529 2973 Leodegarii
1582 2903 1818 2972 episcopi
1876 2912 1929 2958 et

341 2972 695 3027 confessoris.

418 3042 508 3109 T.,
539 3041 724 3096 Roma
769 3042 854 3096 via
907 3041 1077 3112 Appia
1124 3041 1388 3112 depositio
1436 3042 1652 3098 Eusebii
1694 3042 1929 3112 episcopi

1955 1967 2000 2025 Β
2027 1973 2080 2016 et
2107 1959 2251 2014 Beati
2277 1958 2535 2028 episcopi.
2566 1960 2651 2024 n.,
2684 1959 2737 2014 in
2768 1959 3070 2016 Nicomedia
3101 1961 3159 2017 s.
3191 1969 3217 2009 ἀ
3244 1948 3553 2024 Eieuiti‘erii.

2099 2049 2153 2103 5.
2197 2079 2261 2088 —
2294 2047 2335 2103 V
2385 2048 2583 2103 Notus.
2650 2049 2802 2116 Apud
2850 2050 3098 2120 antiquos
3141 2052 3383 2110 Saxones
3432 2058 3609 2115 natale

2030 2138 2255 2193 duorum
2293 2140 2315 2166 °
2350 2136 2689 2191 Ewaldorum
2720 2138 3173 2208 presbyterorum,
3203 2143 3292 2211 qui
3322 2159 3443 2199 cum
3471 2144 3607 2201 Wil-

2030 2233 2265 2288 librordo
2302 2234 2556 2305 episcopo
2601 2235 2879 2292 venientes
2899 2236 2953 2290 in
2984 2237 3346 2305 Germaniam,
3378 2244 3606 2299 transie-

2028 2334 2152 2379 runt
2189 2326 2253 2378 ad
2302 2323 2581 2380 Saxones:
2630 2335 2685 2380 et
2730 2342 2851 2381 cum
2878 2328 2963 2382 ibi
3006 2330 3293 2397 praedicare
3335 2331 3603 2390 Christum

2028 2418 2337 2485 cmpissent,
2366 2416 2738 2485 comprehensi
2769 2426 2893 2471 sunt
2920 2433 2949 2472 a
2982 2422 3197 2488 paganis
3221 2432 3276 2476 et
3302 2421 3383 2477 sic
3410 2425 3603 2479 occisi:

2031 2508 2097 2562 ad
2128 2524 2354 2578 quorum
2383 2523 2609 2576 corpora
2647 2509 2809 2564 multa
2839 2510 2930 2564 diu
2962 2512 3048 2564 lux
3088 2528 3350 2581 apparens
3373 2555 3389 2582 ,
3435 2526 3491 2572 et
3518 2518 3606 2574 ubi

2033 2610 2213 2654 essent
2240 2611 2293 2653 et
2318 2598 2471 2668 cujus
2502 2610 2683 2655 essent
2714 2600 2911 2665 meriti,
2941 2602 3247 2656 declaravit.

2102 2686 2162 2759 Cr.
2188 2688 2273 2759 ν..
2302 2688 2376 2759 iln
2417 2688 2589 2759 Africa
2617 2689 2865 2759 Victoris,
2901 2689 3118 2745 Urbani.
3172 2691 3232 2747 V.
3266 2693 3326 2749 C.
3359 2696 3442 2759 Β..
3465 2700 3604 2757 Alilii

2041 2758 2237 2831 [felicis
2258 2757 2364 2829 [C.,
2396 2758 2570 2831 Elicii]
2602 2771 2653 2831 et
2680 2758 2847 2831 Casii.
2878 2762 2971 2831 Α..
3008 2761 3061 2813 in
3094 2762 3267 2817 Africa
3298 2757 3473 2823 natale
3502 2771 3603 2827 88.

2044 2828 2272 2907 Eietoris
2302 2838 2357 2882 et
2378 2828 2568 2907 Casii.
2592 2829 2993 2907 _'_l‘.,‘_ln‘A_f_rica
3024 2833 3199 2907 natale
3229 2834 3606 2907 SS.Victnris,

2040 2898 2260 2972 Felicis,
2286 2909 2342 2972 et
2371 2899 2535 2953 Casti.
2590 2900 2656 2972 Et
2694 2899 2755 2955 8.
2786 2899 2804 2937 ί
2834 2900 3069 2970 Diooysii
3111 2904 3344 2972 episcopi
3375 2917 3430 2960 et
3458 2898 3623 2966 mar}

2040 2969 2191 3047 tyris.
2226 2970 2290 3047 Et
2315 2971 2429 3047 hinc
2453 2971 2733 3039 utrobique
2764 2969 3076 3047 primo-loco
3092 2974 3270 3047 quoad
3293 2969 3601 3047 Africanos;

2038 3040 2090 3092 iii
2122 3041 2185 3093 A.
2216 3040 2280 3094 ad
2314 3040 2515 3094 calcem
2549 3050 2793 3109 jonitur:
2843 3040 3044 3096 Eodem
3073 3041 3162 3098 die
3186 3045 3365 3112 passio
3392 3048 3453 3104 S.
3479 3040 3604 3105 Dio;

1734 3135 1879 3189 Sill'l
1896 3131 1940 3186 il
1983 3130 2206 3187 ΝΟΤᾸΕ.

340 3222 512 3296 iiiensi
539 3223 712 3278 editus
736 3222 945 3289 ducatu,
972 3224 1138 3296 uxori
1155 3223 1370 3291 junctus
1404 3225 1524 3278 illia:
1547 3225 1646 3278 viz.
1677 3226 1919 3282 Adilonis
1950 3231 1993 3291 C
2027 3227 2348 3294 squalorem,
2396 3230 2515 3291 post
2551 3220 2823 3296 oculorum
2862 3221 3213 3296 evulsionem,
3247 3236 3362 3291 post
3392 3230 3599 3296 planta-

338 3295 573 3359 comitis,
601 3296 669 3348 de
696 3308 805 3364 qua?
827 3294 1006 3361 genuit
1049 3294 1389 3364 Agietrudem
1413 3311 1428 3348 :
1471 3310 1637 3349 uxore
1669 3307 1872 3351 mortua
1899 3338 1914 3361 ,

339 3364 401 3419 S.
440 3365 681 3417 Amando
726 3363 977 3432 episc0po
1017 3366 1304 3427 hortatore,
1357 3364 1631 3418 facultates
1677 3381 1801 3421 suas
1850 3370 1915 3421 ad

340 3435 457 3487 loca
504 3443 808 3487 sanctorum
860 3434 1145 3498 diSiribuit,
1200 3443 1254 3487 et
1298 3437 1615 3501 pauperibus
1653 3438 1913 3505 erogavit,

338 3513 501 3571 atque
531 3506 582 3557 in
612 3504 858 3558 emtiobio
889 3505 1247 3569 Candavcnsi,
1289 3508 1425 3570 quod
1454 3504 1829 3559 construxerat
1854 3504 1911 3562 S.

339 3573 639 3645 Amandus,
667 3582 934 3627 tonsuram
965 3576 1215 3645 suscepit,
1264 3584 1316 3627 et
1360 3574 1773 3645 illiusepiscopi
1802 3592 1918 3629 ma-

340 3644 497 3697 nibus
520 3644 797 3697 clericatus
826 3644 1081 3697 hooorem
1120 3644 1342 3712 adeptus
1368 3651 1467 3697 est.
1500 3644 1544 3698 Α
1570 3647 1726 3699 beato
1754 3647 1916 3699 etiam

336 3715 588 3782 ePlSCOpO
619 3716 823 3768 licentia
856 3717 1157 3780 impetrata,
1207 3714 1524 3767 monasteria
1555 3720 1698 3767 varia
1738 3716 1917 3783 perlu-

337 3783 563 3848 stravit;
593 3784 782 3839 deinde
811 3784 1119 3838 Candavuin
1161 3799 1408 3839 reversus
1436 3783 1487 3837 in
1518 3785 1708 3838 cellula
1738 3800 1799 3840 se
1827 3800 1913 3839 re-

336 3852 519 3915 clusit,
551 3854 726 3922 ibique
758 3854 885 3907 vixit
924 3869 1093 3922 usque
1136 3855 1201 3906 ad
1247 3856 1468 3918 obitum,
1514 3857 1601 3924 qui
1643 3871 1784 3908 anno
1812 3854 1916 3909 655

337 3924 628 3992 contigisse
659 3925 887 3978 videtur.
925 3924 1096 3979 Varia:
1124 3925 1366 3993 leguntur
1393 3925 1451 3978 8.
1487 3926 1714 3979 Bavonis
1738 3936 1916 3979 trans-

339 3994 587 4047 lationes.
616 3994 670 4048 lii
693 3996 946 4049 chronico
973 3996 1281 4049 Bavoniano
1307 3995 1444 4061 apud
1473 3995 1768 4050 Sanderum
1798 4012 1917 4049 cor-

340 4079 440 4130 pus
472 4066 637 4135 ipsius
666 4079 694 4116 a
725 4066 783 4118 Β.
820 4066 989 4132 Eligio
1022 4068 1250 4118 levatum
1297 4080 1328 4119 e
1373 4078 1507 4119 terra
1556 4066 1739 4120 fertur.
1789 4066 1916 4135 Ejus

338 4142 395 4187 et
416 4134 642 4204 aliorum
681 4136 919 4204 reliquia:
944 4175 959 4195 ,
1007 4136 1323 4188 Normaniiis
1372 4137 1781 4203 irrumpentibus
1801 4134 1916 4199 ,iab

342 4203 641 4274 Eyukerieo
666 4203 855 4258 abbate
879 4205 1023 4273 prius
1048 4206 1113 4259 ad
1140 4206 1199 4258 8.
1228 4206 1513 4261 Audomari
1540 4218 1794 4272 castrum,
1822 4209 1916 4262 de-

341 4275 464 4327 inde
487 4276 555 4328 ad
581 4276 766 4329 urbem
797 4274 1110 4329 Lauduuum
1151 4276 1342 4330 delatae
1376 4277 1639 4330 dicuntur.
1680 4279 1752 4331 Ex
1786 4285 1916 4333 urbe

343 4345 599 4398 Lauduno
627 4360 719 4413 per
744 4359 954 4399 centum
989 4361 1151 4415 prope
1181 4360 1350 4399 annos
1376 4348 1471 4400 hac
1503 4348 1729 4416 illacque
1751 4364 1779 4400 a
1804 4365 1914 4402 ino-

340 4416 524 4469 uachis
570 4420 880 4480 deportatis,
927 4416 1231 4483 aliquandiu
1281 4418 1465 4470 locata:
1512 4431 1818 4470 manserunt
1864 4423 1913 4473 iu

337 4486 584 4539 coenobio
611 4486 676 4539 de
705 4484 926 4553 Nigella,
959 4487 1113 4553 vulgo
1156 4485 1323 4551 Nelle,
1358 4486 1538 4539 itdeui
1570 4488 1619 4539 iii
1652 4488 1910 4556 Picarilia,

336 4572 444 4623 quo
464 4571 529 4608 ex
562 4557 676 4609 loco
706 4571 846 4609 anno
875 4557 978 4610 9.39
1010 4558 1317 4610 Caudavum
1350 4570 1573 4610 revecta:
1602 4566 1743 4612 sunt.
1783 4559 1910 4613 Vide

335 4625 456 4696 ejus
486 4626 653 4679 Vitam
675 4627 811 4692 apud
838 4628 1130 4690 Mabillon.,
1164 4642 1287 4681 saec.
1320 4642 1355 4680 ll
1387 4629 1503 4681 Act.
1538 4628 1665 4681 Ben.

412 4703 449 4767 “7
468 4696 788 4767 Leodegurii.
815 4698 910 4763 Qui
933 4713 1093 4766 opera
1119 4698 1336 4751 Didonis
1358 4701 1589 4767 episcopi
1617 4699 1906 4752 Pictavien-

335 4768 413 4821 sis
442 4765 734 4837 litterarum
766 4777 819 4819 et
849 4769 1121 4837 utriusque
1164 4771 1297 4835 juris
1343 4765 1598 4823 doctrinis
1636 4771 1905 4834 eruditus,

335 4837 507 4891 sacris
537 4836 789 4907 initiatus,
811 4836 1062 4892 Ecclesiis
1090 4853 1202 4893 sua:
1239 4840 1484 4892 dimcesis
1516 4841 1825 4907 praefectus,
1856 4851 1905 4893 et

334 4908 501 4961 abbas
529 4905 587 4960 S.
631 4907 876 4961 Maxentii
922 4910 1213 4979 destinatus
1237 4949 1252 4973 ,
1301 4912 1433 4963 adeo
1465 4905 1648 4964 sancte
1676 4925 1737 4962 ac
1769 4925 1906 4979 prie-

333 4978 481 5031 clare
501 4992 561 5031 se
580 4979 765 5045 gessit,
794 4988 851 5030 ut
877 4994 907 5030 a
931 4978 1204 5032 Chlotario
1236 4979 1557 5035 Francorum
1580 4996 1702 5046 rege
1727 4978 1908 5035 aecer-

332 5049 491 5110 situs,
519 5059 567 5101 et
600 5048 652 5101 in
682 5052 875 5116 palatio
902 5050 1211 5115 honoratus,
1232 5051 1392 5104 etiam
1418 5050 1907 5119 AllgUSlOdﬂltelhlS

330 5118 562 5171 antistes
604 5127 845 5172 sacratus
885 5122 1061 5173 luerit.
1111 5122 1228 5187 Quo
1266 5136 1483 5175 munere
1508 5118 1674 5174 faunis
1720 5122 1903 5176 dect-tn

331 5201 554 5242 strenue
609 5188 818 5242 functus
867 5200 967 5242 est.
1021 5188 1296 5246 Chlotario
1345 5192 1591 5245 defuncto
1642 5194 1905 5245 sullicitur

331 5258 689 5325 Childericus,
719 5268 773 5313 et
793 5260 1144 5330 Leodegarius
1167 5262 1553 5329 major—domus
1578 5262 1900 5327 declaratur,

333 5331 556 5382 excluso
597 5345 627 5381 a
685 5345 850 5398 regno
898 5329 1230 5385 Theoderico
1276 5332 1561 5385 Childcrici
1610 5334 1810 5389 fratre.
1858 5346 1914 5386 et

336 5400 571 5452 Ebroino
614 5398 727 5468 jam
775 5405 874 5453 sub
914 5403 1185 5455 Chlntario
1231 5404 1654 5466 majore-domus
1701 5416 1914 5469 preptcr

333 5484 486 5521 suam
519 5470 851 5539 tyrannidem
884 5483 1039 5525 tonso
1062 5480 1119 5526 et
1147 5473 1354 5525 recluso
1384 5472 1435 5524 in
1466 5473 1697 5524 Liixovio
1720 5512 1736 5534 ,
1780 5476 1914 5526 Bur-

334 5540 546 5608 gundia:
579 5541 927 5594 monasterio.
975 5542 1080 5598 Sed
1126 5552 1337 5595 mortuo
1376 5556 1555 5610 postea
1586 5542 1912 5609 Cliilderico,

332 5610 700 5665 Theudoricus
732 5626 951 5681 regnum
985 5611 1333 5677 recuperavit,
1377 5623 1430 5665 et
1462 5613 1723 5666 Ebroinns
1754 5613 1910 5667 aufu-

332 5684 503 5749 giens,
536 5693 724 5734 iterum
749 5683 1143 5748 major-domus
1171 5686 1335 5735 lactus
1362 5694 1470 5747 est;
1494 5684 1583 5751 qui
1604 5684 1915 5737 existimans

331 5768 392 5803 se
421 5756 700 5805 memorati
727 5754 986 5819 piiiitilicis
1010 5753 1237 5805 factione
1256 5751 1503 5819 ejectum,
1530 5754 1915 5808 crudelissimis

334 5822 613 5878 tormentis
643 5838 760 5877 eum
790 5824 962 5877 alit-cit
987 5839 998 5873 :
1044 5832 1158 5892 post
1189 5828 1378 5877 laniem
1407 5841 1571 5893 enim,
1606 5838 1657 5881 et
1686 5830 1914 5880 carceris

2027 3292 2141 3348 rum
2173 3293 2765 3363 cuneis-iuueni,lingua:
2795 3302 2847 3347 et
2878 3292 3139 3363 laliinrum
3176 3292 3510 3363 ineisiorietn,
3544 3303 3599 3357 iu

2024 3365 2247 3420 Fiscano
2288 3362 2609 3417 monasterio
2651 3363 2797 3417 illum
2839 3364 3075 3416 reclusit.
3131 3362 3230 3420 Ubi
3277 3369 3376 3423 etsi
3421 3362 3597 3425 excisa

2019 3444 2165 3489 esset
2191 3436 2386 3501 lingua,
2418 3435 2617 3486 monita
2648 3443 2822 3486 tamen
2853 3434 3038 3486 salutis
3061 3448 3206 3489 recte
3233 3436 3454 3504 loquens
3480 3456 3601 3495 om-

2019 3508 2173 3558 nibus
2201 3505 2397 3556 dabat:
2430 3518 2593 3569 quare
2631 3507 2880 3555 contusus
2918 3505 3147 3557 crudelis
3176 3506 3462 3567 Ebroinus.
3505 3511 3603 3563 de-

2018 3575 2200 3647 collari
2228 3571 2541 3647 i_|ium_l‘ecit_
2561 3571 3081 3647 p‘rOpeAtrebatum.
3116 3575 3245 3647 Hinc
3272 3591 3468 3632 annum
3491 3596 3599 3647 quo

2020 3645 2077 3716 8.
2112 3643 2469 3716 Leodegarius
2493 3642 2622 3716 obiit
2657 3641 2914 3716 colligere
2954 3642 3111 3716 licet;
3146 3643 3411 3716 Ebroinus
3443 3641 3596 3716 regni

2020 3713 2332 3767 Theoderici
2351 3727 2491 3764 anno
2507 3712 2562 3775 9,
2581 3715 2621 3763 si
2654 3710 2930 3777 Sigeberto
2959 3712 3243 3775 credimus,
3266 3715 3462 3770 Christi
3490 3710 3590 3773 681

2017 3794 2107 3837 aut
2138 3782 2450 3849 insequenti,
2491 3781 2780 3836 exstinctus
2817 3789 2920 3844 est,
2968 3789 3022 3833 et
3064 3782 3279 3847 quidem
3330 3797 3447 3850 post
3496 3798 3604 3845 tres

2020 3853 2130 3927 iere
2158 3866 2507 3920 annosquam
2549 3852 2806 3927 martyrio
2844 3851 3067 3927 allectus
3114 3852 3311 3927 fuerat
3335 3855 3605 3927 Leodega-

2021 3926 2149 3997 rius,
2184 3931 2566 3997 utconstatex
2596 3920 2879 3997 Miiliilliinii
2907 3936 3036 3997 suae:
3064 3936 3099 3975 ii
3142 3926 3261 3977 Aet.
3298 3925 3448 3992 38m,
3478 3920 3596 3997 pag.

2019 3994 2155 4057 705,
2184 3994 2271 4063 qui
2306 3992 2525 4059 proinde
2553 4006 2693 4044 anno
2735 3990 2929 4045 Christi
2970 3990 3078 4063 678.
3114 4005 3336 4048 necatus
3377 3990 3491 4061 est,
3528 3990 3601 4053 iiii

2017 4071 2178 4117 etiam
2202 4058 2430 4135 Carolus
2461 4064 2511 4117 le
2536 4064 2726 4115 Cointe
2751 4072 2952 4116 censet.
2987 4058 3152 4129 llnjiis
3179 4079 3372 4135 corpus
3405 4058 3599 4123 lli-Villa

2016 4136 2256 4189 Sarcinio
2287 4133 2512 4202 primum
2554 4134 2818 4199 sepultqu
2847 4143 2948 4198 est,
2988 4135 3183 4188 deinde
3225 4133 3288 4189 iu
3320 4137 3595 4194 dimcesitn

2018 4203 2356 4258 Pictavoruin
2390 4207 2697 4257 translatum
2731 4214 2781 4257 et
2819 4204 2869 4255 in
2904 4205 3226 4268 monasterio
3256 4208 3313 4259 Β.
3345 4208 3598 4265 Maxentii

2015 4286 2097 4329 est
2124 4275 2415 4327 humatum.
2454 4273 2585 4328 Vide
2616 4276 2761 4340 plura
2797 4275 2847 4325 iti
2889 4273 3192 4326 Mabillonin
3222 4292 3380 4342 supra
3412 4280 3597 4336 citato.

2088 4343 2115 4383 δ
2149 4344 2373 4397 Eusebii.
2409 4344 2482 4397 De
2515 4346 2613 4396 hoc
2642 4344 2762 4396 vide
2790 4359 2941 4409 supra
2977 4359 3094 4396 xxw
3126 4344 3429 4412 Septembr.

2090 4433 2111 4461 c
2151 4414 2339 4467 Felicis
2371 4426 2415 4467 et
2447 4413 2605 4467 Casii.
2641 4412 2705 4465 lit
2740 4430 2870 4483 pago
2903 4412 3191 4467 Pictuveitsi
3222 4430 3330 4468 om.
3367 4416 3427 4471 V.
3459 4415 3522 4471 C.

2086 4492 2112 4531 d
2145 4485 2445 4538 Eleuther-ii.
2488 4488 2585 4550 Qui
2618 4496 2671 4538 et
2699 4488 2785 4536 alii
2818 4486 3101 4547 innumeri,
3134 4500 3253 4539 cum
3286 4487 3596 4544 Diocletiani

2016 4559 2156 4624 regia
2186 4556 2429 4609 incendio
2458 4555 2853 4623 ciiiillagrasset,
2888 4554 3020 4607 falso
3062 4556 3217 4623 hujus
3244 4557 3481 4610 iriniinis
3507 4576 3599 4611 ac-

1940 4602 1989 4659 D
2014 4602 2670 4693 enisii',"jifileiii'eiocati.
2718 4602 2853 4689 llllp:
2887 4602 3171 4677 acervatim
3223 4630 3389 4679 necati
3429 4602 3592 4693 sunt“;

2011 4712 2235 4765 quiirnm
2267 4698 2351 4749 alii
2384 4697 2570 4765 gladiis
2596 4695 3068 4765 obtruncabantur,
3113 4697 3197 4747 alii
3231 4697 3436 4764 ignibus
3475 4712 3594 4751 ere-

2012 4764 2316 4820 mabaiitur:
2351 4764 2443 4820 sed
2493 4772 2677 4818 borum
2718 4767 2914 4831 primus
2949 4764 3302 4830 Eleutlierius,
3355 4783 3472 4820 tuin
3502 4768 3594 4821 diu

2010 4840 2297 4902 cruciatus,
2344 4853 2436 4903 per
2474 4837 2678 4906 singula
2707 4847 2965 4889 tormenta
3001 4835 3220 4888 validior
3249 4839 3588 4906 redderetur,

2012 4911 2323 4976 martyrium
2357 4905 2586 4960 victoria:
2630 4921 2740 4959 sua:
2792 4905 3001 4973 ignibus
3046 4909 3349 4971 complevit.
3400 4908 3473 4961 De
3513 4914 3595 4962 liis

2016 4978 2105 5044 qui
2151 4993 2213 5032 ea
2257 4979 2324 5031 de
2352 4992 2508 5030 causa
2558 4979 2772 5031 subiere
2820 4977 3130 5045 martyrium
3171 4978 3358 5031 scribit
3396 4980 3594 5035 Euseb.

2017 5049 2151 5101 Hist.
2180 5049 2312 5101 eccl.
2346 5062 2457 5112 vui,
2488 5044 2541 5100 6.

2089 5122 2113 5149 °
2142 5116 2492 5171 Ewaldorum.
2535 5117 2611 5172 De
2659 5116 2741 5171 his
2783 5115 2904 5171 vide
2943 5117 3187 5185 superius
3228 5117 3401 5173 Baeda
3449 5119 3597 5176 Eccl.

2014 5189 2148 5244 HiSI.
2180 5204 2232 5249 v,
2267 5189 2352 5243 10.

2093 5257 2108 5296 ί
2147 5259 2401 5328 Dionysii.
2439 5257 2615 5311 Patria
2642 5256 3008 5312 Atheniensis.
3037 5257 3136 5324 Qui
3168 5258 3468 5313 litterarum
3496 5261 3595 5313 hn-

2016 5332 2316 5384 maninruni
2350 5329 2537 5381 studiis
2563 5342 2623 5383 se
2662 5328 2804 5381 dedit
2840 5329 3065 5392 primum
3099 5329 3359 5394 Athenis,
3396 5330 3592 5384 deinde

2018 5400 2279 5465 lleliopoli
2313 5401 2363 5452 in
2393 5398 2658 5467 Aﬁgypto;
2706 5400 2923 5452 domum
2958 5414 3207 5454 reversus
3248 5403 3300 5452 in
3344 5412 3591 5455 senatuin

2018 5470 2283 5537 Areopagi
2315 5480 2595 5536 coeptatus
2623 5480 2736 5533 est,
2780 5471 2919 5523 unde
2946 5484 2999 5522 et
3028 5469 3362 5538 Areopagitae
3395 5486 3593 5525 nomi-u

2022 5541 2197 5594 traxit.
2230 5540 2385 5593 Circa
2411 5555 2500 5592 an.
2523 5541 2650 5592 Chr.
2677 5541 2768 5604 50,
2802 5539 2968 5592 Paulo
2993 5542 3217 5593 Athenis
3246 5541 3589 5607 praedicante,

2020 5612 2376 5665 Christianatii
2429 5612 2586 5662 iidem
2638 5612 2913 5678 amplexus
2958 5622 3041 5662 est
3074 5628 3086 5662 :
3122 5609 3248 5678 quiti
3277 5620 3330 5663 et
3360 5612 3590 5678 primum

2020 5682 2430 5735 Atheniensium
2479 5679 2788 5748 episcopum
2835 5680 3181 5733 constitutum
3221 5681 3385 5733 fuisse
3427 5683 3593 5736 tradit

2021 5753 2307 5820 Dionysius
2335 5750 2726 5803 Corinthiorum
2756 5752 3000 5804 antistes.
3052 5750 3163 5803 lmo
3191 5752 3235 5805 si
3263 5752 3463 5815 Suidaz,
3497 5753 3593 5807 Ni-

2020 5823 2277 5893 cephoro,
2306 5821 2557 5891 Syncello
2586 5821 2811 5892 aliisque
2842 5821 2973 5876 lides
3000 5821 3068 5878 sit
3098 5822 3340 5877 habenda
3361 5867 3375 5892 ,
3422 5822 3586 5892 ipsius
