4054 6190
434 401 574 461 1065

1146 387 1347 444 ΒΕΒᾹΞ
1395 380 1847 441 VENERABILIS
1884 377 2035 432 OPP.
2078 374 2253 429 PARS
2293 373 2377 425 lV.
2420 401 2489 411 ——
2530 364 2906 423 HISTORICA.

3564 355 3706 412 1064

1704 470 1934 526 EDI'I‘IO
1972 463 2439 524 COLONIENSIS.

500 590 563 643 D.
606 586 670 640 IV
711 584 842 639 Non.
882 580 1013 635 Oc'r.
1053 605 1124 616 ——
1163 571 1314 640 Apud
1361 566 1679 623 Corinthum
1724 564 2002 618 beatorum
2031 574 2080 632 Α
2111 560 2166 612 lu
2192 558 2366 611 Africa
2392 553 2637 615 Audacti,
2664 551 2848 606 Roma:
2876 545 3108 601 Marcelli
3140 541 3703 643 papm,Autissii:loro

429 681 601 751 Crispi
634 688 688 735 et
712 677 848 738 Gaii,
881 688 1014 743 quos
1043 672 1228 724 beatus
1258 663 1541 731 Apostolus
1578 675 1637 714 se
1664 659 1791 712 dicit
1832 656 2007 724 bapti-

430 748 599 837 zasse,
633 773 784 838 Cujus
812 767 928 823 Gaii
960 760 1204 818 meminit
1234 758 1374 811 idem
1407 753 1692 821 Apostolus
1719 750 1784 801 ad
1812 748 2004 800 Roma-

434 879 530 918 nos
570 834 819 916 :.Sal‘ulat
848 871 954 921 vos,
990 852 1177 918 inquit,
1216 847 1374 899 Gaius
1401 844 1580 925 hospes
1611 855 1777 900 meus,
1807 844 1852 889 et
1896 834 2009 885 uui-

432 969 587 1007 versa!
645 949 909 1003 Ecclesice.
973 941 1138 1010 Cujus
1194 939 1378 990 beatus
1435 930 1667 1011 Joannes
1725 924 2014 994 Epistolam

431 1050 670 1103 scribens
712 1041 957 1098 meminit
991 1040 1057 1090 ita
1092 1052 1106 1088 :
1141 1032 1323 1088 Senior
1360 1027 1491 1081 Gaio
1521 1021 1844 1081 charissima,
1869 1030 2015 1085 quem

430 1154 524 1207 ego
574 1137 730 1204 diligo
777 1134 830 1185 in
878 1130 1105 1183 veritate.
1161 1121 1314 1190 Apud
1368 1118 1659 1186 [Egyptuin
1711 1119 2015 1207 sanctorum

434 1198 722 1296 niartyruiu
773 1219 935 1276 Marci
981 1227 1033 1271 et
1080 1210 1321 1268 Martiani
1369 1211 1623 1265 fratrutu,
1671 1211 1725 1255 et
1771 1215 1892 1253 cuin
1939 1198 2018 1249 eis

434 1290 851 1374 innumerabiles
881 1310 971 1362 alii
1002 1320 1109 1360 non
1139 1300 1376 1356 inferiori
1410 1295 1573 1365 gloria
1605 1304 1709 1345 tam
1740 1290 1835 1341 viri
1862 1300 2018 1353 quam

432 1412 669 1476 femiuai,
700 1406 795 1460 sed
827 1413 878 1456 et
907 1400 1055 1471 pueri
1087 1410 1149 1450 ac
1175 1406 1353 1455 senes,
1393 1405 1487 1458 pro
1534 1387 1637 1440 fide
1676 1379 1879 1437 Domini
1921 1393 2020 1432 no-

436 1505 531 1558 stri
564 1474 689 1555 Jesn
719 1496 940 1559 Christi,
975 1500 1290 1561 priescutem
1346 1484 1502 1536 vitain
1552 1475 1697 1547 parvi
1732 1474 2023 1543 pendentes

437 1596 631 1647 futurae
674 1588 858 1659 glori-ai
905 1580 1285 1638 beatitudinem
1328 1576 1627 1643 quaesivere
1669 1566 1927 1636 :quidain
1957 1578 2021 1615 ex

440 1685 568 1753 ipsis
600 1694 718 1752 post
750 1681 969 1734 verbera
1003 1677 1242 1743 aliosque
1272 1671 1471 1727 diversi
1500 1668 1709 1738 generis
1740 1660 2025 1716 horribiles

437 1780 723 1839 cruciatus,
755 1770 984 1825 ﬂammis
1017 1767 1195 1821 traditi
1228 1775 1371 1828 sunt,
1415 1761 1504 1815 alii
1553 1761 1604 1812 in
1650 1771 1798 1810 mare
1834 1750 2017 1821 princi-

440 1869 610 1938 pitati,
640 1864 878 1918 ItOunulli
909 1860 1081 1913 inedia
1111 1855 1436 1924 consumpti,
1464 1852 1553 1907 alii
1578 1848 1827 1920 patibulis
1858 1843 2022 1907 affixi,

440 1923 679 2012 nonnulli
729 1956 888 2006 etiam
937 1950 1112 2019 capite
1158 1946 1305 2016 cat-si,
1352 1947 1422 1998 ita
1465 1954 1521 1997 ut
1558 1948 1749 2010 sponte
1790 1934 2023 1990 cervices
2056 1947 2103 2006 Β
2200 1923 2264 1978 F-
2309 1923 2455 2019 PR)?-

440 2064 562 2103 suas
593 2045 869 2100 securibus
899 2043 1111 2095 darent.
1157 2040 1213 2093 ln
1264 2038 1453 2106 quibus
1483 2033 1696 2102 quidam
1730 2042 1878 2081 more
1912 2039 2029 2091 per-

441 2154 595 2193 verso
624 2139 797 2205 capite
827 2138 1076 2189 deorsum
1111 2144 1317 2201 presso,
1349 2139 1402 2182 et
1445 2125 1669 2195 pedibus
1712 2122 1764 2174 in
1802 2115 2030 2171 sublime

443 2230 687 2295 sublatis,
721 2227 1084 2283 beatissimam
1114 2236 1368 2278 coronam
1398 2216 1665 2288 passionis
1698 2214 2031 2267 meruerunt.

2111 648 2374 716 depositio
2404 646 2557 698 Marsi
2589 639 2909 713 presbyteri.
2941 636 3141 692 Eodem
3191 632 3279 688 die
3322 633 3495 687 sancti
3536 630 3705 685 Fran-

2112 739 2237 794 cisci
2264 735 2609 792 confessoris.

2188 830 2248 883 E.
2292 828 2355 881 ιιι
2395 828 2528 882 Non.
2570 825 2692 879 Jan.
2731 852 2802 864 —
2840 821 2990 889 Apud
3020 818 3256 876 Siciliam
3289 817 3463 871 natale
3493 825 3705 870 sancto-

2118 936 2232 973 rum
2279 918 2500 981 Placidi,
2547 915 2794 987 Eutycliii
2825 923 2877 966 cl
2904 913 3130 965 aliorum
3163 911 3396 977 triginta.
3427 906 3485 961 ln
3531 907 3707 963 Gallia

2117 1010 2330 1063 civitate
2392 1007 2670 1069 Valentia,
2727 1005 2900 1056 natale
2968 1001 3137 1054 sancti
3204 998 3530 1065 Apollinaris
3585 998 3703 1066 epi-

2117 1100 2286 1168 scopi,
2325 1101 2477 1166 cujus
2520 1098 2623 1151 vita
2675 1107 2726 1149 et
2757 1094 3037 1147 virtutibus
3077 1092 3296 1159 insignis
3329 1090 3445 1153 fuit,
3476 1098 3529 1143 et
3560 1101 3707 1142 mers

2120 1195 2467 1248 nihilominus
2524 1189 2689 1260 signis
2741 1198 2798 1242 et
2870 1188 3121 1255 prodigiis
3187 1186 3494 1240 decoratur.
3551 1183 3708 1251 Apud

2121 1283 2434 1339 Eumeniam
2476 1282 2615 1336 beati
2666 1280 2877 1335 Praseac
2916 1277 3175 1345 episcOpi,
3219 1275 3357 1344 apud
3404 1276 3707 1344 Smyrniaui

2121 1376 2379 1445 martyrio
2407 1372 2791 1435 consummati,
2817 1371 2906 1439 qui
2940 1383 3075 1421 unus
3103 1384 3168 1422 ex
3200 1366 3434 1434 antiquis
3463 1366 3618 1434 quasi
3644 1379 3709 1418 et

2124 1468 2412 1522 traditione
2443 1465 2678 1534 priorum
2709 1478 2769 1517 se
2795 1463 3064 1529 accepisse
3100 1460 3350 1524 asseruit,
3378 1458 3709 1511 Salvatorem

2122 1559 2440 1627 praecepisse
2464 1557 2716 1625 apostolis
2739 1559 2869 1616 suis,
2888 1562 2944 1605 ut
2966 1552 3097 1607 infra
3122 1550 3489 1604 duodecimum
3505 1564 3707 1601 annum

2123 1667 2152 1703 a
2169 1648 2517 1718 Jcrosulyniis
2545 1663 2650 1700 non
2673 1646 3024 1699 discederent.
3056 1641 3426 1697 Autissiodoro
3446 1639 3711 1706 depositio

2127 1751 2431 1795 sanctorum
2473 1737 2888 1798 Germanorum,
2919 1745 2973 1788 et
3001 1735 3219 1788 Firmati
3251 1732 3480 1795 diaconi,
3507 1739 3560 1785 et
3591 1730 3714 1784 Fla-

2126 1834 2261 1888 vitize
2296 1829 2513 1899 \irgittis
2544 1829 2655 1883 Deo
2685 1839 2927 1883 sacraue.
3257 1835 3265 1842 '

2500 1921 2632 1975 Non.
2674 1919 2803 1974 Oc'r.
2839 1947 2910 1958 —
2936 1914 3089 1985 Apud
3121 1916 3351 1983 Capuam
3385 1912 3561 1967 natale
3589 1926 3711 1965 san-

2136 2027 2341 2071 ctorum
2375 2013 2632 2077 Marcelli,
2661 2012 2827 2077 Casti,
2855 2010 3079 2070 Emilti,
3113 2007 3404 2062 Saturnini.
3444 2006 3498 2058 ln
3532 2003 3715 2057 Galliis

2136 2108 2356 2161 civitate
2404 2104 2644 2173 Agavino
2688 2102 2865 2157 natale
2910 2100 3057 2155 Fidei
3103 2099 3322 2169 virginis
3359 2107 3414 2152 et
3444 2097 3716 2164 martyris,

2139 2199 2294 2268 cujus
2324 2196 2573 2265 exemplo
2603 2197 2788 2250 beatus
2814 2193 3096 2260 Caprasius
3121 2192 3188 2246 ad
3217 2205 3443 2261 agonem
3477 2185 3718 2258 martyrii

1692 2302 1922 2360 EDITIO
1964 2292 2467 2352 BOLLANDIANA.

444 2412 895 2489 nysiigt‘PiSCOPiL
926 2411 1008 2471 8.,
1044 2408 1097 2462 In
1129 2406 1418 2489 Antiochia
1445 2401 1635 2489 natalis
1656 2398 1739 2489 IS.

447 2472 548 2542 his.
596 2472 659 2538 ln'
682 2472 814 2552 pago
847 2482 1143 2535 Pictaveusi
1178 2478 1357 2546 passio
1386 2478 1445 2530 ὃ.
1474 2483 1498 2510 ⁸
1529 2472 1839 2538 Leodegarii
1872 2479 2013 2519 mar-

508 2579 599 2611 I’IS.

448 2572 669 2701 ly‘f.——
695 2645 756 2699 IV
789 2644 985 2696 Nonas.
1019 2639 1179 2693 Vacat
1212 2636 1387 2690 Baeda.

528 2738 585 2788 Β.
620 2736 680 2787 V.
712 2735 795 2793 C.,
826 2732 882 2784 lu
916 2730 1149 2797 Egypto
1174 2726 1195 2760 θ’
1225 2725 1385 2797 Marci
1411 2732 1482 2797 _et
1523 2718 1792 2797 Marciani.
1941 2716 2029 2797 C.,

454 2806 593 2863 Alibi
628 2789 857 2857 Marcelli
887 2789 1144 2867 episcopi.
1185 2797 1270 2867 ν..
1305 2794 1366 2847 Et
1394 2792 1657 2867 depositio
1685 2790 1893 2867 {Marsi
1916 2789 2029 2856 epi-

455 2858 621 2943 scopi.
644 2876 701 2928 Β.
721 2873 805 2936 C.,
830 2858 1198 2943 Aut'issiodoro
1328 2881 1429 2941 om.
1451 2858 1845 2943 Autissiodorol
1865 2860 2030 2943 depo-

457 2929 578 3001 sitio
609 2944 768 2999 Maici
795 2929 1119 3009 presbyteri.
1162 2929 1413 3009 ln‘Al‘riea
1441 2935 1723 3009 Maurus”,
1758 2929 2025 3009 liestituti.

458 3018 548 3079 Β..
579 3017 728 3082 Apud
752 3001 1064 3082 Corinthum
1087 3008 1335 3082 Crispiet
1357 3005 1514 3082 Galil
1532 3018 1766 3082 quorum
1787 3001 2030 3082 meminit

456 3070 741 3154 Apostolus
766 3084 792 3122 ἀ
815 3070 1420 3154 Coriuthiis_scribens:
1448 3074 1538 3154 nl}.
1558 3070 1580 3134 ν,
1637 3070 1689 3124 ltt
1737 3070 2026 3154 _AuxiOpOIi

459 3142 628 3210 natale
657 3158 714 3208 S.
744 3162 767 3188 ε
791 3153 971 3205 Clusii.
1006 3156 1066 3203 A.
1096 3149 1158 3201 Τ.
1197 3148 1280 3205 ι...
1312 3147 1364 3197 In
1398 3144 1570 3197 Africa
1606 3142 1781 3193 natale
1812 3152 2025 3195 sancto—

458 3244 572 3279 rum
621 3222 867 3278 Restituti
917 3230 971 3274 et
1018 3220 1075 3274 S.
1111 3212 2029 3284 Maicelliepisc0pi.Autissiodoro

2053 3181 2102 3241 C

2143 2386 2403 2453 depositio
2426 2386 2484 2439 S.
2505 2383 2663 2439 Marci
2690 2384 3007 2454 presbyteri.
3041 2382 3126 2449 L.,
3145 2382 3209 2436 Et
3232 2381 3408 2436 natale
3432 2381 3489 2436 S.
3514 2380 3532 2417 ί
3556 2378 3720 2436 Fran-

2135 2456 2263 2511 cisci
2291 2458 2640 2510 confessoris.

2206 2573 2260 2627 5.
2283 2603 2354 2615 --
2377 2570 2441 2624 ιιι
2474 2569 2671 2625 ΝοΝΑε.
2705 2570 2868 2624 Vacat
2895 2569 3073 2623 Bzcda.

2211 2683 2274 2736 V.
2305 2684 2391 2750 C.,
2426 2684 2482 2737 In
2512 2683 2691 2738 Sicilia
2719 2692 2743 2729 8
2770 2681 3001 2743 Placidi,
3049 2680 3214 2735 Eutici
3242 2678 3442 2750 retalii
3472 2677 3713 2750 triginta.

2148 2754 2289 2809 Alibi
2320 2748 2607 2816 Victorini,
2642 2753 2841 2807 FauSti.
2897 2754 2983 2813 υ..
3017 2753 3167 2819 Apud
3201 2748 3555 2819 SiciliamﬁSS.
3590 2748 3720 2819 Pla-

2140 2826 2244 2878 cidi
2266 2867 2281 2888 ,
2329 2824 2575 2895 Eutychii
2605 2827 2909 2895 et_aliorum
2939 2816 3175 2895 triginta.
3230 2821 3288 2895 β.
3656 2816 3716 2895 in

2141 2896 2312 2967 Gallia
2472 2888 3194 2967 Africa}civitateValentiie
3216 2888 3484 2967 depositio
3508 2890 3535 2924 ¹ι
3558 2888 3721 2956 Apol-

2140 2960 2625 3034 linaris'episCOpi.
2656 2960 2693 3001 Ἷ
2736 2963 3107 3018 Autissiodoro
3127 2960 3393 3034 depositio
3414 2969 3718 3034 sanctorum

2145 3038 2160 3085 l
2200 3029 2577 3103 germanorum
2610 3033 2634 3072 ¹ι
2663 3034 2881 3089 Firmati
2910 3034 3147 3103 diaconi,
3177 3040 3230 3087 et
3254 3030 3313 3086 S.
3346 3029 3608 3092 Flavium,
3633 3032 3719 3084 vel

2141 3106 2339 3161 Flaviae
2370 3108 2451 3161 vel
2484 3105 2754 3160 Flaviana:
2782 3102 3020 3171 virginis.

2206 3198 2259 3251 6.
2286 3228 2356 3237 —
2384 3197 2425 3252 ll
2458 3197 2657 3252 Nonas.
2694 3197 2857 3252 Vacat
2886 3196 3067 3251 Bazila.

1854 3302 2060 3357 ΞΜΙἹῚΙ
2102 3308 2328 3364 ΝΟΤίΕ.

460 3406 606 3460 Pauli
641 3402 888 3457 manilius
916 3397 1191 3450 ordinatus
1220 3405 1322 3448 est.
1376 3394 1596 3447 Demutn
1637 3404 1756 3458 poSt
1787 3394 2026 3448 clarissi-

459 3491 599 3530 mam
632 3474 752 3528 l‘idei
784 3468 1175 3524 confessionem
1202 3506 1218 3529 ,
1270 3473 1388 3533 post
1435 3464 1749 3534 gravissima
1783 3472 2024 3518 tormen-

458 3558 631 3600 toruui
682 3558 877 3612 genera
906 3580 920 3604 ,
973 3539 1205 3612 glorioso
1253 3538 1510 3612 martyrio
1547 3546 1860 3612 coronatum
1893 3551 2029 3612 _essc

460 3618 623 3672 refert
653 3602 915 3667 Auristides
943 3602 1295 3678 pliilosoiilius
1317 3602 1659 3678 Atheniensis
1691 3605 1741 3678 iii
1767 3602 2025 3673 Apologia

460 3703 555 3741 soa
582 3726 597 3747 ,
646 3685 691 3737 si
741 3684 900 3736 modo
929 3675 1047 3734 eam
1078 3691 1201 3732 vere
1231 3676 1465 3743 allegant
1497 3675 1771 3747 Usuardus
1819 3685 1873 3728 ct
1912 3678 2028 3729 Ado

456 3759 515 3810 in
550 3744 957 3824 martyr-elogiis.
1006 3750 1124 3824 Quo
1172 3763 1297 3800 vero
1337 3756 1579 3824 tempore
1608 3744 1738 3824 obiit
1762 3760 1898 3824 ,“an
1927 3746 2029 3824 sub

462 3815 724 3893 'l‘rajano',
768 3815 959 3875 an'sub
982 3819 1247 3893 Adriano,
1282 3817 1364 3893 vel
1397 3815 1910 3893 quod_verisi_miliii_s
1944 3818 2024 3870 vi-

369 3928 379 3940 -
463 3884 641 3960 detur,
671 3884 771 3947 sub
804 3891 1123 3955 Domitiano,
1154 3888 1475 3960 iionpliquet.
1522 3884 1688 3951 Hujus
1718 3887 1835 3938 loco
1855 3887 2028 3960 _Barof

468 3968 585 4020 nius
613 3956 665 4018 in
692 3980 788 4017 suo
814 3960 1192 4026 Martyrologio
1215 3958 1373 4026 alium
1404 3956 1708 4026 Dionysium
1742 3958 1912 4022 ponit,
1940 3959 2029 4025 qui

467 4054 589 4093 cum
618 4035 778 4087 sociis
810 4034 907 4085 sub
932 4024 1212 4082 Valeriano
1240 4036 1297 4080 et
1322 4024 1563 4080 Gallieno
1592 4040 1776 4093 passus
1801 4037 1907 4080 est.

464 4106 469 4111 ’
541 4107 568 4135 ⁸
596 4104 916 4171 Leodegarii.
954 4104 1024 4153 De
1054 4106 1152 4152 hoc
1180 4097 1296 4152 vide
1327 4097 1464 4171 diem
1499 4097 1908 4171 przecedentem.

540 4174 566 4212 ι’
602 4168 787 4229 Marci.
844 4172 955 4226 Una
996 4186 1117 4225 Cum
1152 4171 1232 4221 liis
1265 4168 1400 4233 [κιεδὶ
1432 4177 1554 4220 sunt
1584 4168 1671 4219 alii
1724 4168 2034 4221 innumera-

471 4248 605 4303 biles
638 4246 911 4308 utriusque
940 4255 1142 4302 sexus,-
1162 4251 1320 4307 atque
1354 4242 1529 4308 omnis
1560 4236 1732 4289 aetatis
1760 4255 1773 4290 :
1806 4254 2032 4305 quorum

474 4318 562 4372 alii
595 4328 712 4383 post
740 4307 978 4374 verbera,
1015 4312 1100 4364 alii
1133 4320 1253 4379 post
1281 4307 1478 4383 diversi
1506 4309 1719 4374 generis
1752 4308 2035 4383 horribiles

476 4378 762 4447 cruciatus,
796 4383 1022 4435 flaminis
1054 4382 1261 4442 traditi,
1302 4378 1390 4431 alii
1427 4380 1478 4430 in
1509 4393 1657 4430 mare
1688 4380 2035 4444 praecipitati,

480 4457 717 4512 nonnulli
748 4454 919 4518 capite
950 4454 1100 4513 caisi,
1135 4450 1345 4517 plurimi
1376 4448 1551 4501 inedia
1582 4449 1916 4518 consumpti,
1947 4447 2037 4502 alii

478 4529 726 4595 patibulis
757 4524 924 4588 allixi,
953 4521 1165 4595 quidam
1193 4522 1353 4595 etiam
1384 4517 1831 4595 capitedeorsum
1862 4534 2038 4595 verso,

476 4585 531 4653 et
562 4596 783 4666 pedibus
815 4610 864 4646 in
895 4585 1120 4645 sublime
1141 4589 1397 4666 sublatis,
1432 4587 1793 4666 beatissimam
1811 4585 2053 4666 martyrii

476 4658 726 4723 cor-ouant
761 4673 1087 4717 meruerunt.
1140 4661 1337 4714 Horum
1370 4658 1684 4725 martyrium
1727 4659 1914 4711 scribit
1944 4660 2047 4712 Eu-

476 4740 656 4794 sebius
686 4737 820 4789 Ilist.
842 4748 953 4798 viii,
980 4734 1032 4796 8,
1057 4746 1355 4801 quanquam
1382 4742 1568 4783 eorum
1594 4730 1809 4781 nomina
1834 4728 2052 4783 silentio

647 4826 739 4858 I'Iel
752 4826 811 4858 ιι.

478 4818 811 4879 praeterierit.

550 4884 572 4909 ε
607 4876 791 4930 Marsi.
828 4874 942 4928 Non
972 4870 1228 4941 episcopi,
1263 4868 1359 4924 sed
1391 4867 1686 4941 presbyteri
1714 4868 2055 4941 Autissiodo-

480 4949 668 5004 reusis.
700 4946 983 5001 Ordinatus
1005 4937 1088 4997 est
1110 4937 1438 5008 presbytero
1468 4937 1619 4992 Xisto
1648 4954 1780 5006 papa
1812 4940 2055 4994 Romano

448 5062 456 5077 ,
481 5022 667 5072 eodem
695 5030 951 5082 tempore,
978 5030 1081 5078 quo
1106 5013 1421 5079 Peregrinus
1441 5009 1828 5082 ordinatusest
1853 5012 2056 5082 primus

480 5089 763 5158 episcopus
783 5080 1287 5158 Autissiodurensis.
1315 5082 1466 5158 Pinc.
1491 5081 1691 5146 Lanae,
1726 5080 1863 5135 Bibl.
1886 5081 2054 5148 Nova,

484 5152 537 5214 iu
565 5152 811 5211 Passione
839 5156 896 5210 S.
923 5154 1216 5222 Peregrini,
1250 5168 1303 5217 p.
1338 5152 1462 5205 5'26.

553 5228 580 5265 ἀ
612 5228 907 5282 Corinthiis.
945 5226 998 5278 In
1027 5220 1192 5292 prima
1227 5222 1425 5290 Epist.,
1455 5234 1573 5289 cap.
1603 5234 1641 5273 ι.
1678 5220 1870 5275 Eorqu
1898 5221 2057 5275 etiam

486 5302 688 5355 mentio
719 5301 777 5352 lit
808 5298 856 5349 in
890 5295 1122 5363 Epistula
1151 5294 1219 5347 ad
1247 5293 1540 5355 Romanos,
1570 5306 1622 5345 c.
1656 5306 1742 5345 XVI
1768 5334 1783 5361 ,
1833 5301 1887 5346 et
1933 5294 2057 5347 Act.

483 5381 657 5442 apost.
686 5382 911 5442 c.7aviii.

564 5451 587 5479 ε
618 5440 795 5495 Clusii.
829 5438 925 5492 llic
954 5436 1137 5490 Dasius
1169 5434 1475 5489 nominatur
1503 5433 1556 5489 in
1587 5432 1895 5503 Hieronymi
1924 5433 2063 5488 Mar-

490 5513 766 5569 tvrologio.

512 5528 905 5636 “figi-friend.
936 5576 1035 5645 Qui
1065 5577 1197 5629 obiit
1221 5573 1409 5645 Assisii
1445 5574 1498 5627 in
1523 5573 1760 5645 Umbria.
1794 5573 2065 5627 Fundator

495 5651 595 5704 fuit
622 5653 825 5704 ordinis
856 5643 1139 5706 Minorum.
1180 5646 1334 5711 cuius
1363 5644 1533 5698 Vitam
1566 5643 1848 5700 sanctitate
1877 5656 1929 5698 et
1960 5647 2061 5698 mi-

497 5721 692 5773 raculis
722 5722 929 5785 plenam
956 5718 1011 5770 S.
1037 5715 1407 5769 Bonaventura
1439 5714 1780 5785 conscripsit,
1802 5727 1856 5770 et
1876 5718 2065 5768 Surius

498 5798 629 5839 tom.
657 5787 692 5836 V
721 5784 901 5840 edidit.
938 5786 1174 5852 Iligravit
1203 5800 1272 5839 ex
1301 5790 1398 5838 hac
1426 5784 1527 5836 vita
1554 5799 1694 5837 anno
1722 5784 1873 5836 l2‘26.
1909 5785 2063 5837 ltela-

500 5868 582 5909 tus
613 5868 692 5911 est
722 5867 857 5908 inter
885 5870 1094 5907 sanctos
1134 5870 1163 5908 a
1193 5856 1449 5924 Gregorio
1479 5869 1614 5922 papa
1649 5852 1712 5907 IX
1732 5892 1747 5917 ,
1777 5870 1867 5909 an.
1902 5852 2059 5908 {228.

2075 4569 2122 4630 D

2131 3401 2471 3455 'l‘ranslatum
2504 3406 2587 3453 est
2612 3411 2807 3466 corpus
2834 3396 2963 3466 ejus
2985 3413 3071 3449 an.
3102 3395 3267 3450 1250.

2204 3480 2230 3518 ις
2264 3471 2491 3524 Placidi.
2525 3469 2621 3523 ilic
2651 3464 2723 3523 exi
2746 3464 2911 3535 stirpe
2941 3465 3127 3521 Anicia
3161 3464 3442 3534 septennis
3470 3464 3527 3520 S.
3553 3464 3725 3520 Bene-

2132 3540 2277 3595 dicto
2307 3543 2519 3596 oblatus
2548 3548 2653 3606 est,
2686 3548 2872 3607 postea
2902 3554 2933 3592 e
2963 3537 3239 3607 naufragio
3272 3551 3366 3604 per
3398 3536 3454 3589 Β.
3483 3536 3723 3603 Maurum

2134 3625 2352 3677 ereptus
2383 3610 2615 3675 dicitur;
2666 3620 2720 3663 et
2767 3610 2825 3663 S.
2858 3609 3148 3662 Benedicto
3190 3606 3407 3677 fontem
3442 3608 3493 3659 iii
3543 3616 3726 3677 monte

2137 3676 2446 3747 impetranti
2478 3680 2736 3734 adfuisse.
2784 3680 2843 3734 S.
2878 3679 3085 3733 Erasuii
3119 3676 3506 3731 monasterium
3536 3676 3729 3730 condi-

2134 3751 2232 3805 dit.
2286 3751 2481 3806 Missus
2511 3752 2564 3804 in
2595 3750 2852 3814 Siciliain,
2890 3749 3144 3801 miracula
3182 3747 3307 3801 fecit
3352 3747 3579 3814 plurima
3611 3765 3623 3798 :
3674 3760 3724 3801 ei

2135 3822 2395 3875 Messanae
2423 3833 2705 3889 exceptus,
2751 3819 3085 3874 saecularium
3121 3819 3309 3889 domos
3342 3818 3560 3889 vitavit,
3609 3831 3731 3889 mo-

2135 3892 2426 3946 nasterium
2451 3886 2769 3953 construxit,
2795 3904 2982 3943 omnes
3008 3889 3247 3942 infirmos
3270 3886 3467 3943 Sicilia:
3490 3887 3723 3952 sanavit,

2134 3975 2191 4015 et
2212 3963 2490 4017 ecclesiam
2514 3960 2826 4015 fabricavit:
2852 3960 3086 4028 denique
3108 3974 3229 4013 cum
3252 3957 3410 4012 sociis
3435 3957 3724 4027 Entychio,

2137 4032 2435 4097 Victorino,
2485 4042 2538 4085 et
2581 4031 2763 4085 Flavia
2795 4046 2979 4084 eorum
3011 4044 3290 4095 germana,
3323 4029 3550 4092 Donato,
3584 4029 3723 4080 Ean-

2139 4103 2302 4170 stiiio,
2334 4101 2593 4166 Firmato,
2636 4113 2689 4155 et
2726 4101 2843 4154 aliis
2882 4101 3121 4170 triginta,
3154 4116 3183 4152 a
3213 4098 3492 4152 Mainucha
3527 4100 3726 4166 pirata,

2139 4188 2298 4241 quem
2330 4172 2530 4226 Abdala
2576 4173 2830 4225 barbarus
2865 4172 3132 4239 Hispania:
3165 4183 3259 4224 rex
3284 4170 3556 4241 miserat.
3609 4181 3731 4237 post

2142 4237 2287 4295 varia
2316 4253 2575 4296 tormenta
2600 4246 2771 4307 capite
2801 4237 2989 4308 plexos
3013 4250 3097 4294 est
3119 4254 3259 4294 anno
3281 4237 3405 4293 5H.
3442 4240 3645 4292 Omnes
3676 4242 3726 4291 lii

2144 4328 2175 4365 a
2207 4312 2499 4381 Gordiano,
2547 4312 2637 4381 qui
2687 4313 2746 4365 Β.
2776 4310 3053 4364 Placidum
3085 4326 3114 4363 a
3140 4308 3453 4381 Cassinensi
3480 4308 3731 4381 cirnoliin

2147 4393 2365 4437 secutus
2393 4379 2586 4446 fuerat,
2609 4383 2801 4449 sepulti
2825 4393 2966 4435 sunt.
2996 4381 3241 4434 Placidus
3258 4379 3730 4449 lienedictinorum

2152 4462 2510 4522 protomartyr
2538 4447 2751 4507 dicitur.
2792 4453 2921 4506 Vide
2948 4452 3006 4509 S.
3031 4452 3231 4506 Placidi
3257 4447 3430 4504 Vitam
3455 4450 3597 4517 apud
3624 4450 3738 4503 Ma-

2154 4524 2363 4587 billou.,
2395 4538 2520 4576 saec.
2547 4539 2563 4577 ι
2592 4523 2711 4575 Act.
2744 4524 2871 4576 Ben.
3714 4582 3717 4583 ν

2226 4592 2254 4629 δ
2284 4594 2620 4663 Apollinaris.
2682 4593 2777 4645 llic
2809 4592 3029 4646 Viennae
3076 4592 3263 4663 nobili;
3293 4604 3493 4657 genere
3540 4599 3733 4663 ortus,

2156 4661 2366 4732 gregem
2400 4664 2497 4717 sibi
2529 4663 2791 4717 creditum
2825 4674 3042 4731 paterna
3084 4679 3208 4715 cura
3242 4661 3460 4725 fovens,
3510 4661 3637 4713 vitia
3686 4662 3735 4711 in

2156 4735 2342 4802 primis
2366 4736 2553 4787 tollere
2578 4734 2840 4787 laboravit
2866 4752 2879 4787 :
2909 4750 3074 4802 quare
3095 4732 3423 4800 Stephanum
3446 4734 3735 4799 quemdam

2157 4803 2482 4873 Sigismundi
2530 4803 2671 4872 regis
2723 4804 3056 4870 familiarem,
3108 4819 3253 4866 cum,
3304 4814 3515 4857 mortua
3546 4817 3734 4863 uxore,

2157 4890 2398 4927 sororem
2430 4875 2696 4929 defuncta:
2730 4875 2919 4928 illicito
2948 4876 3287 4927 matrimonio
3316 4875 3594 4933 duxisset,
3640 4885 3739 4924 nec

2158 4945 2462 4999 admonitus
2493 4959 2551 4998 se
2579 4948 2952 5009 emendasset,
3001 4960 3102 4999 una
3128 4959 3251 4998 cum
3292 4943 3353 4999 S.
3383 4942 3543 4996 Avito
3576 4941 3736 4996 Vien-

2162 5018 2312 5069 nensi
2354 5016 2608 5083 episcopo
2637 5030 2842 5083 suoque
2885 5030 3144 5085 germano
3177 5015 3361 5069 habito
3390 5010 3657 5085 consilio,
3708 5026 3738 5062 a

2160 5086 2535 5140 communione
2559 5084 2792 5139 lidelium
2818 5084 3139 5155 segregavit.
3164 5085 3299 5139 Cum
3318 5092 3499 5137 autem
3524 5084 3740 5155 triginta

2160 5165 2217 5211 et
2242 5166 2469 5223 quatuor
2495 5158 2650 5209 annis
2681 5154 3027 5224 optinie'eain
3060 5157 3240 5211 sedem
3267 5157 3643 5224 gubernasset,
3674 5154 3742 5203 ad

2162 5241 2288 5279 suos
2317 5230 2499 5281 venire
2524 5223 2764 5294 cogitans
2802 5226 3087 5281 Massiliam
3137 5223 3377 5296 appulit,
3427 5234 3483 5278 et
3515 5223 3747 5289 benigne

2163 5309 2414 5364 receptus
2442 5297 2592 5351 febre
2617 5299 2933 5365 corripitur;
2967 5308 3023 5350 at
3053 5300 3325 5352 remeandi
3357 5297 3589 5363 spatium
3618 5309 3743 5346 con-

2163 5379 2398 5434 Secutus,
2427 5367 2682 5421 mundum
2707 5366 3012 5436 dereliquit.
3051 5369 3289 5421 Interfuit
3314 5366 3543 5436 concilio
3573 5365 3743 5433 Epan-

2166 5441 2317 5493 neusi
2363 5441 2413 5491 iu
2445 5437 2631 5492 Galliis
2659 5435 2933 5495 celebrato
2960 5447 3203 5507 tempore
3247 5439 3306 5493 S.
3339 5435 3537 5489 Gelasii
3568 5448 3742 5503 papie,

2165 5524 2305 5562 anno
2333 5507 2456 5563 595.
2487 5508 2704 5562 Gnosius
2737 5511 2868 5563 SEN.

2246 5578 2260 5656 ξ
2301 5579 2472 5656 Verba
2494 5579 2866 5656 Autissiodoro,
2893 5580 3290 5656 etc.,_usquead
3314 5580 3532 5632 diacono
3549 5589 3660 5629 0m.
3679 5571 3745 5626 Ι...

2242 5648 2256 5698 i
2294 5647 2665 5702 Germanorum
2693 5662 2777 5704 est
2806 5654 2857 5703 in
2888 5653 3002 5705 solo
3033 5653 3091 5704 Β.

2239 5717 2260 5756 ¹ι
2292 5716 2633 5772 Ιῖινηιαιὶ.....
2683 5719 2917 5776 Flauina:
2944 5727 3019 5775 vel
3046 5720 3270 5775 Flaria'.
3321 5722 3381 5776 lli
3437 5718 3582 5788 passi
3615 5727 3748 5771 sunt

2165 5805 2286 5846 cum
2316 5792 2374 5846 ὃ.
2404 5790 2635 5844 Placido.
