4054 6190
365 337 502 399 1065

1485 335 1681 392 SECT.
1724 335 1786 388 11.
1836 362 1900 370 -
1931 329 2485 390 ΜΑ11ΤΥ1101.Ο(]1Α.

3494 329 3625 385 1066

1613 446 1838 502 EDITIO
1877 442 2347 502 COLONIENSIS.

359 547 621 603 animatus
649 549 749 598 est.
783 541 983 597 Eodem
1014 539 1103 597 die
1141 539 1280 596 beati
1323 539 1544 610 Sagaris
1588 540 1842 609 martyris
1889 547 1946 594 et
1980 548 2020 599 Α
2051 535 2360 592 Dominum.
2413 536 2540 592 Item
2589 544 2892 590 sanctorum
2949 545 3238 606 martyrum
3292 535 3523 592 Marccli
3573 550 3629 594 et

359 635 596 705 episcopi
631 633 1001 697 Laodicensis,
1029 633 1119 701 qui
1149 647 1282 685 unus
1315 630 1413 686 fuit
1442 631 1511 686 de
1537 631 1774 700 antiquis
1804 629 1952 684 Pauli

360 729 584 800 apostoli
613 726 908 794 discipulis.
943 724 1214 794 Depositio
1249 724 1472 789 Romani
1517 723 1954 779 Antissiodoren-

359 823 432 875 sis
464 818 722 888 episcopi.
774 817 976 872 Eodem
1008 816 1094 871 dic
1142 826 1328 871 octava
1355 818 1524 872 sancti
1552 815 1835 872 Michaelis
1861 830 1954 871 ar.

360 908 622 978 change“.

431 1001 494 1054 (ἰ.
537 999 669 1052 Nos.
713 997 851 1051 Ocr.
892 1025 962 1037 —
997 997 1180 1051 Romae
1227 997 1306 1050 via
1357 997 1524 1066 Appia
1573 995 1749 1051 natale
1778 990 1951 1049 sancti

363 1092 524 1147 Marci
555 1088 795 1159 episcopi
825 1098 881 1145 et
907 1090 1254 1154 confessoris,
1277 1089 1363 1158 qui
1391 1089 1532 1144 sedit
1559 1087 1610 1141 in
1641 1087 1948 1158 episcopatu

364 1201 531 1238 annos
574 1183 731 1250 duos,
765 1197 981 1240 menses
1019 1197 1231 1246 novem,
1277 1181 1392 1235 dies
1425 1180 1628 1249 viginti,
1660 1176 1746 1247 qui
1789 1179 1948 1232 etiam

365 1275 604 1342 sepultus
650 1286 732 1331 est
770 1276 822 1330 in
861 1274 1171 1329 cretneterio
1221 1272 1459 1328 Balbinzn
1500 1271 1585 1324 via
1636 1268 1946 1324 Ardeatina.

367 1365 495 1419 Item
542 1377 852 1420 sanctorum
890 1373 1182 1433 martyrum
1214 1362 1384 1431 Sergii
1422 1371 1478 1416 et
1517 1359 1698 1424 Bachi,
1731 1358 1819 1428 qui
1849 1358 1950 1411 sub

367 1455 680 1510 Maximiano
711 1471 804 1522 pro
834 1453 1031 1510 Christi
1064 1453 1278 1508 nomine
1305 1454 1448 1522 passi
1479 1459 1620 1506 sunt.
1653 1450 1784 1504 Nam
1819 1452 1950 1509 Ser—

367 1548 486 1615 gius
514 1547 852 1616 primicerius
885 1556 998 1600 crat
1035 1545 1232 1600 schola:
1276 1543 1577 1612 gentilium,
1609 1545 1811 1597 amicus
1855 1543 1952 1593 im—

369 1638 651 1708 peratoris,
711 1638 898 1693 beatus
946 1651 1074 1690 vero
1127 1635 1332 1702 Bachus
1383 1633 1781 1690 secundicerius
1835 1639 1953 1685 erat

368 1731 606 1799 ejusdem
660 1730 881 1784 scholae.
933 1729 998 1782 lli
1046 1744 1184 1782 enim
1233 1729 1300 1780 ab
1346 1726 1614 1781 Antiocho
1665 1727 1799 1779 duce
1856 1738 1951 1793 pro

369 1820 561 1874 Christi
613 1820 850 1883 nomine,
896 1821 1050 1889 jussu
1086 1819 1392 1872 Maximiani
1434 1816 1774 1884 imperatoris
1809 1815 1947 1884 passi

2055 629 2266 696 Apulei,
2297 629 2384 696 qui
2432 629 2648 698 quidem
2691 632 2862 696 primo
2901 629 3240 684 adhaeserunt
3268 630 3476 689 Simoni
3521 632 3634 687 Ma-

2053 733 2152 787 go;
2184 719 2278 774 sed
2313 719 2553 774 videntes
2600 720 2860 776 mirabilia
2908 733 3026 789 qum
3079 721 3334 778 Dominus
3367 723 3621 790 operaba-

2057 824 2139 868 tur
2171 830 2262 883 per
2288 813 2589 883 apostolum
2640 829 2792 868 suum
2844 814 3094 881 Petrum,
3153 815 3338 870 relicto
3380 813 3632 880 Simone,

2054 906 2311 976 doctrinae
2356 907 2663 974 apostolicae
2703 919 2763 961 se
2797 906 3147 974 tradiderunt,
3178 917 3230 960 et
3274 915 3393 972 post
3431 921 3631 978 marty-

2057 998 2190 1054 rium
2221 999 2580 1067 apostolorum
2609 998 2709 1054 sub
2746 999 3031 1058 Aureliano
3073 1001 3344 1058 consulari
3393 1006 3635 1075 martyrii

2053 1101 2304 1144 coronam
2353 1089 2771 1157 compleverunt,
2815 1090 3005 1158 sepulti
3054 1107 3159 1148 non
3206 1092 3361 1160 longe
3397 1094 3464 1149 ab
3505 1097 3635 1152 urbe

2055 1180 2244 1234 liun‘ta.

2125 1271 2193 1323 A.
2237 1269 2348 1324 Vlll
2384 1270 2502 1328 Inus
2541 1270 2670 1324 Ucr.
2713 1299 2783 1314 -η-
2820 1269 3004 1324 Natale
3054 1271 3191 1324 beati
3223 1272 3510 1339 Simeonis,
3542 1276 3631 1344 qui

2054 1359 2336 1418 Dominum
2385 1367 2626 1416 nostrum
2674 1360 2855 1416 Jesum
2894 1361 3165 1416 Christum
3209 1367 3546 1429 prmsentavit
3573 1365 3628 1417 in

2054 1450 2332 1520 templum.
2365 1449 2496 1502 Item
2519 1449 2696 1504 natale
2722 1460 2920 1508 sanctae
2945 1451 3223 1519 licparata:
3254 1455 3488 1520 virginis,
3519 1470 3640 1523 qua:

2057 1554 2206 1607 passa
2230 1548 2312 1594 est
2337 1538 2390 1593 in
2412 1539 2655 1594 Caesarea
2683 1540 2811 1594 urbe
2837 1541 3152 1606 Palaestinae,
3181 1542 3281 1596 sub
3312 1543 3472 1598 Decio
3497 1557 3640 1613 pra).

2053 1629 2188 1686 side.
2215 1628 2340 1688 llaec
2368 1645 2489 1684 cum
2513 1629 2673 1692 nollet
2697 1629 2852 1687 idolis
2878 1631 3200 1696 sacrificare,
3234 1634 3461 1699 primum
3489 1634 3639 1688 adhi-

2056 1720 2160 1773 bita
2207 1730 2288 1774 cst
2329 1719 2402 1775 illi
2453 1719 2555 1772 olla
2608 1719 2822 1787 plumbo
2870 1719 3108 1774 fervente
3154 1721 3400 1790 impleta,
3457 1733 3639 1792 postea

2018 1813 2305 1864 .abscissae
2354 1820 2477 1864 sunt
2521 1808 2596 1865 illi
2644 1810 2911 1876 mamillae,
2963 1819 3019 1866 et
3061 1809 3336 1880 lampades
3391 1813 3642 1870 ardentes

370 1919 511 1975 sum,
563 1909 633 1963 ita
687 1921 744 1964 ιιι
792 1911 999 1964 Bachus
1047 1910 1172 1963 dum
1217 1917 1468 1964 extensus
1516 1908 1687 1962 crucis
1729 1907 1950 1976 ﬂagellis
1986 1897 2027 1954 Β
2053 1899 2329 1966 adhibitae,
2375 1899 2570 1954 deinde
2614 1901 2667 1954 ill
2704 1902 2968 1954 caminum
3009 1901 3143 1970 ignis
3186 1903 3346 1958 missa
3385 1913 3485 1959 est.
3513 1905 3642 1972 Quae

371 1999 686 2065 caederetur,
719 1999 987 2054 emitteret
1040 1999 1318 2071 spiritum;
1377 1997 1596 2067 Sergius
1653 2011 1778 2051 vero
1838 2004 1954 2064 post

373 2091 536 2145 multa
565 2099 830 2145 tormenta
867 2090 1044 2160 gladio
1084 2104 1257 2146 caesus
1286 2097 1389 2155 est,
1417 2099 1472 2143 ct
1499 2089 1574 2144 sic
1618 2087 1860 2158 migravit
1889 2087 1952 2142 ad

2059 2005 2180 2044 cum
2226 1990 2279 2045 in
2330 1991 2476 2045 nullo
2519 1991 2590 2044 ibi
2621 1990 2802 2047 fuisset
2831 1992 2978 2058 laesa,
3007 1993 3264 2050 decollata
3292 2005 3394 2063 est,
3425 2005 3480 2052 et
3515 2012 3641 2052 con,

2064 2083 2210 2136 tinuo
2234 2081 2302 2137 de
2331 2082 2470 2137 collo
2496 2082 2614 2151 ejus
2633 2082 2794 2138 exivit
2816 2083 3063 2142 columba
3090 2084 3230 2141 alba.
3257 2082 3420 2158 Cujus
3448 2100 3640 2161 corpus

1618 2198 1844 2254 EDITIO
1887 2196 2392 2254 BOLLANDIANA.

454 2314 516 2369 V.
556 2311 644 2377 C.,
697 2313 881 2366 Ruina:
927 2311 1189 2378 depositio
1239 2310 1726 2379 Marciaepisc0pi.
1788 2311 1850 2363 Et
1896 2311 1948 2366 in

378 2385 555 2441 Africa
581 2385 787 2452 Itogati,
819 2383 1113 2446 Saturnini,
1144 2383 1406 2452 Januarii,
1443 2381 1701 2444 Faustini,
1732 2392 1784 2434 et
1812 2382 1949 2436 Mar-

379 2450 683 2526 trialisiAlf,
721 2453 900 2526 Fausti
933 2462 987 2526 et
1016 2450 1221 2526 Marci].
1262 2453 1363 2526 73.,
1397 2453 1594 2526 Eodem
1638 2453 1724 2526 die
1772 2453 1949 2526 passio

379 2526 478 2580 SS.
509 2521 710 2588 Fausti,
745 2523 976 2577 Januarii
1021 2533 1074 2576 et
1112 2521 1396 2576 Mercialis.
1456 2523 1512 2574 Β.
1549 2522 1636 2586 1)..
1668 2525 1815 2589 Apud
1844 2521 1947 2574 Ca-

382 2611 534 2658 puam
562 2605 865 2646 sanctorum
889 2591 915 2628 ι)
941 2593 1193 2655 Μαι-εεὶιὶ,
1225 2593 1366 2646 Casti
1398 2591 1621 2654 IEmiIii,
1655 2592 1945 2647 Saturnini.

385 2667 447 2718 Et
478 2666 698 2717 observa
731 2663 1063 2732 frequentius
1102 2662 1384 2730 aliquoties
1424 2661 1718 2716 recurrisse
1763 2671 1818 2714 ut
1859 2661 1948 2714 ubi

385 2734 688 2787 Vaticanum
711 2743 765 2786 et
803 2734 861 2789 S.
893 2733 1099 2801 Cyriaci
1132 2731 1328 2786 habent
1357 2734 1602 2800 Africam,
1635 2732 1953 2788 Divionense

381 2805 514 2872 legat
542 2801 810 2868 Capuam,
861 2813 918 2856 ut
955 2804 1194 2858 fortassis
1233 2803 1426 2856 alicubi
1459 2801 1719 2872 Carthago
1751 2802 1951 2870 scripta

377 2876 482 2928 i'ttet
499 2873 558 2931 it.

449 2973 512 3025 A.
543 2971 629 3036 T.,
664 2970 847 3024 Romae
875 2968 1138 3037 depositio
1170 2969 1230 3024 S.
1259 2969 1418 3024 Marci
1451 2967 1714 3036 episcopi.
1773 2969 1951 3037 Capua

377 3042 550 3096 natale
579 3051 879 3095 sanctorum
905 3041 1042 3107 Casti
1077 3052 1128 3094 et
1157 3039 1450 3094 Saturnini.
1481 3040 1542 3093 A.
1567 3040 1630 3093 Τ.
1657 3040 1740 3107 8.,
1769 3039 1926 3093 Antis

377 3112 592 3165 siodoro
621 3111 884 3178 depositio
927 3112 982 3163 S.
1017 3106 1242 3164 Romani
1270 3112 1532 3180 episcopi.
1571 3109 1624 3162 ln
1656 3106 1866 3180 Aginno
1892 3109 1952 3162 S.

379 3181 525 3236 Fidis
548 3182 817 3250 martyris.
843 3181 932 3243 T.,
957 3181 1344 3244 Sociorumque
1365 3180 1481 3248 ejus
1500 3179 1765 3248 Caprasii,
1789 3179 1952 3233 Primi

2058 2305 2172 2366 prta
2191 2291 2366 2366 natale
2397 2289 2495 2366 88.
2528 2290 2669 2347 Casti
2711 2301 2768 2347 et
2795 2293 3094 2348 Saturnini.
3144 2295 3210 2349 Et
3248 2294 3301 2348 in
3331 2295 3546 2366 Agenna
3576 2297 3638 2354 S.

2062 2361 2204 2415 Fidis
2232 2361 2473 2429 virginis.

2130 2456 2182 2508 7.
2205 2483 2278 2526 -_-
2301 2453 2483 2526 Nonus.
2515 2453 2716 2510 Natalis
2742 2453 2800 2509 S.
2829 2463 2851 2492 ο
2875 2453 3034 2511 Marci
3067 2470 3236 2525 papae.
3271 2455 3391 2526 Ipso
3419 2459 3507 2515 die
3535 2476 3633 2516 na,

2061 2525 2182 2579 talis
2209 2524 2268 2580 S.
2300 2525 2418 2580 Lini
2451 2539 2619 2594 papae.

2133 2619 2294 2671 Abest
2325 2629 2625 2685 postremus
2653 2632 2681 2669 a
2716 2631 2850 2673 mss.
2880 2617 2944 2673 A.
2971 2617 3034 2673 Τ.
3065 2617 3127 2672 1..

2135 2688 2194 2740 ν.
2227 2688 2289 2762 C.
2321 2689 2424 2762 Β.)
2475 2685 2690 2762 Et__S_S.
2717 2687 2741 2762 ξ’
2770 2687 3306 2762 Sergiictdiacchi.
3364 2691 3418 2748 In
3459 2692 3634 2762 Capua

2059 2758 2241 2825 Quarti
2272 2767 2324 2812 et
2367 2758 2676 2812 Marcellini.
2714 2757 2803 2824 L.,
2839 2761 2900 2812 Et
2927 2757 3024 2813 SS.
3056 2759 3293 2815 Marcelli
3321 2763 3344 2792 ⁸
3371 2772 3421 2817 et
3449 2757 3636 2834 Apulei

2060 2839 2373 2899 martyrum.

2133 2897 2314 2960 A.“l‘.,
2354 2899 2535 2952 Roma:
2566 2897 2830 2969 dep'iSiliQ
2875 2898 2933 2953 8.
2964 2899 3122 2954 Marci
3171 2915 3341 2968 papae.
3391 2900 3512 2969 Ipso
3551 2902 3637 2959 die

2066 2969 2237 3023 natale
2266 2969 2363 3030 SS.
2396 2969 2566 3036 Sergii
2598 2981 2652 3022 et
2682 2967 2870 3022 Bacchi
2902 2967 3217 3038 martyrum.
3242 2967 3316 3025 Α.
3341 2967 3514 3036 ΤίΒ..
3545 2974 3636 3027 Βὶν

2065 3041 2526 3113 turicas_civitate
2560 3039 2842 3113 depositio
2888 3040 2944 3092 S.
2976 3039 3300 3113 {Augustini
3355 3039 3467 3113 [B.,
3522 3044 3631 3096 Au-

2063 3107 2673 3195 gustalisJAepiscopiuet
2697 3107 3058 3195 confessoris.
3111 3107 3183 3164 Α.
3214 3111 3303 3174 Τ.,
3335 3107 3523 3167 eodem
3554 3116 3639 3174 die

2064 3183 2240 3240 natale
2267 3179 2368 3236 SS.
2397 3180 2629 3235 Marcelli
2660 3191 2713 3234 et
2745 3179 2955 3247 Apulei.

377 3263 430 3306 et
458 3252 730 3308 Feliciani.
762 3253 848 3316 Β..
873 3251 1056 3306 Romae
1083 3251 1259 3306 natale
1284 3251 1341 3306 S.
1373 3250 1627 3305 Balbinte.
1658 3250 1744 3316 L.,
1772 3252 1825 3304 In
1846 3250 1952 3304 Ca-

2130 3268 2185 3324 8.
2212 3299 2282 3309 —
2310 3268 2416 3324 Vill
2449 3269 2587 3324 lous.
2621 3268 2787 3324 Vacat
2815 3267 2971 3327 liteda
3003 3277 3056 3324 et
3085 3283 3239 3340 supp.
3271 3269 3386 3334 Diu.

1765 3363 1972 3420 SMITH
2011 3360 2244 3418 ΝΟΤᾹΞ.

449 3459 475 3489 ι
508 3449 693 3503 Marci.
733 3451 802 3503 De
834 3451 935 3502 hoc
966 3450 1085 3504 vide
1116 3449 1256 3502 diem
1288 3458 1621 3519 sequentem.
1655 3450 1956 3507 Translatio

377 3523 617 3590 quaeduo
647 3521 761 3586 ejus
790 3522 946 3574 hodie
975 3521 1218 3586 Contigit.

447 3595 477 3635 ι
509 3589 757 3643 Marcelli.
810 3591 963 3655 Quod
1011 3603 1187 3642 autem
1231 3589 1295 3641 ad
1327 3587 1541 3642 Castum
1590 3599 1644 3643 et
1675 3590 1950 3648 [Emilium

377 3670 597 3725 spectat,
617 3675 733 3712 cum
758 3659 870 3712 lucc
894 3661 1109 3712 nomina
1136 3669 1421 3712 noscantur
1441 3674 1560 3713 esse
1581 3661 1951 3716 Africanorum

378 3740 948 3800 martyrum,quornm
981 3729 1173 3800 natalis
1203 3730 1316 3782 dies
1344 3729 1663 3800 agiturrxxn
1696 3731 1812 3783 Maii
1839 3772 1852 3793 ,
1900 3733 1952 3786 in

378 3816 496 3854 eam
522 3798 678 3856 facile
708 3798 1008 3853 inducimur
1034 3799 1359 3866 opiniooem,
1381 3808 1440 3850 ut
1460 3799 1824 3854 existimemus
1856 3801 1954 3856 hos

379 3885 498 3923 esse
528 3869 743 3922 eosdem
779 3884 900 3921 cum
930 3868 1073 3932 illis;
1123 3869 1216 3922 sed
1244 3868 1442 3935 Capuae
1485 3869 1648 3924 etiam
1693 3870 1953 3927 celebrari

378 3953 562 3993 eorum
593 3938 976 4001 celebritatem,
1008 3938 1147 4003 quod
1177 3937 1410 3991 Africani
1441 3940 1676 4006 episcOpi
1711 3951 1954 4006 tempore

381 4008 760 4131 persecutionis
785 4007 1082 4062 Vandalicze
1109 4023 1173 4062 ex
1199 4009 1374 4062 Africa
1406 4008 1562 4077 pulsi,
1594 4010 1660 4062 ad
1687 4008 1951 4078 Campana

405 4083 558 4131 itwra
588 4077 939 4131 annellentes.
971 4092 1102 4131 duas
1128 4093 1308 4131 secum
1341 4079 1647 4131 attulissent
1678 4081 1951 4131 reliquias.

405 4083 558 4132 itwra
588 4077 939 4146 appellentes,
971 4092 1102 4145 quas
1128 4093 1308 4131 secum
1341 4079 1647 4133 attulissent
1678 4077 1952 4148 reliquias,

380 4149 576 4216 ibidem
607 4148 980 4202 collocassent.
1029 4149 1179 4212 Quod
1211 4149 1336 4203 item
1367 4151 1430 4201 ad
1459 4151 1767 4204 Marcellum
1804 4167 1949 4206 mar-

383 4230 552 4289 tyrem
577 4226 800 4286 spectat,
819 4216 1057 4289 ejusdem
1087 4219 1313 4272 nominis
1337 4217 1431 4272 fuit
1453 4228 1653 4289 martyr
1677 4221 1730 4274 in
1756 4221 1954 4286 Africa,

384 4288 451 4340 de
481 4302 586 4352 quo
618 4289 788 4356 agitur
816 4303 901 4340 XIX
935 4288 1092 4341 Febr.
1144 4289 1406 4341 Caeterum
1448 4288 1686 4357 ejusdem
1726 4291 1958 4346 nominis

384 4358 656 4412 Saturnini
680 4357 827 4410 multi
855 4357 905 4410 in
930 4358 1113 4411 eadem
1140 4360 1408 4424 provincia
1433 4361 1571 4424 passi
1599 4362 1955 4427 reperiuntur,

383 4437 443 4552 Et
491 4431 541 4508 in
587 4427 975 4499 Martyrologiis
1019 4427 1171 4482 facile
1213 4437 1296 4484 est
1337 4429 1611 4498 colligere.
1665 4433 1867 4488 Banoa.
1903 4433 1954 4489 in

431 4509 554 4551 ous.

431 4509 554 4551 OllS.

460 4579 480 4604 ε
517 4567 707 4620 Marci.
761 4566 1124 4642 ln‘Chronico
1151 4566 1362 4642 Damasi
1410 4567 1638 4642 legitur:
1673 4589 1690 4620 ι
1721 4569 1958 4642 Marcus,

387 4653 599 4690 nienses
631 4648 774 4703 octo,
803 4637 918 4689 dies
947 4639 1151 4706 viginti.
1189 4637 1306 4689 Fuit
1337 4637 1668 4705 temporibus
1697 4637 1962 4693 Constan.

387 4709 505 4771 tini,
539 4706 829 4775 Nepotiane
859 4717 911 4760 et
938 4706 1187 4760 Facundo
1217 4712 1552 4773 consulibus,
1579 4725 1604 4761 a
1631 4711 1720 4763 die
1749 4726 1816 4764 xv
1841 4710 1960 4768 Kal.

387 4778 749 4840 Februarias,
805 4791 971 4843 usque
1019 4776 1072 4832 in
1119 4777 1258 4832 diem
1307 4779 1576 4838 Nonarum
1609 4779 1918 4834 Uctobrium
1946 4823 1960 4846 ,

387 4850 696 4917 consulibus
725 4847 1122 4917 suprascriptis.
1158 4865 1175 4897 ι
1235 4848 1439 4904 Marcus
1483 4849 1660 4917 itaque
1692 4849 1964 4904 ordinatus

388 4929 471 4971 est
500 4932 639 4970 anno
665 4914 769 4970 556
803 4918 1030 4983 pontifex
1062 4919 1356 4982 Romanus,
1390 4914 1640 4976 defuncto
1680 4921 1965 4984 Silvestro,

390 4989 476 5040 die
506 4989 712 5039 decima
742 4996 931 5038 octava
962 4987 1200 5040 Januarii
1225 5027 1239 5052 ,
1290 4989 1376 5041 die
1412 4989 1683 5045 Dominico
1732 5000 1785 5042 et
1831 4989 1966 5044 fesw

389 5058 643 5110 cathedra
672 5055 732 5111 S.
764 5057 905 5112 Petri
936 5057 1114 5110 Itonia:
1146 5058 1416 5125 insignito.
1467 5059 1611 5112 Obiit
1641 5071 1820 5116 autem
1864 5060 1967 5114 hoc

390 5127 506 5193 ipso
532 5127 638 5191 die,
667 5139 770 5197 non
803 5128 1050 5180 obstante
1077 5128 1216 5197 quod
1242 5131 1507 5182 Auctioris
1534 5129 1788 5185 Cltronici
1821 5142 1966 5184 veteo

392 5212 506 5251 rum
543 5196 845 5264 pontificum
874 5196 1180 5261 auctor,’ex
1211 5212 1382 5266 eoque
1417 5201 1729 5253 Anastasius
1761 5210 1812 5254 et
1840 5199 1963 5264 alii,

391 5268 571 5318 dicant
599 5267 663 5320 de
689 5268 746 5320 8.
775 5266 974 5331 Marco,
999 5269 1137 5335 quod
1162 5286 1180 5321 ι
1206 5270 1443 5336 sepultus
1468 5281 1549 5322 eSt
1577 5271 1627 5322 in
1653 5273 1966 5325 cmineterio

394 5337 629 5390 lialbina:
656 5338 742 5389 via
772 5336 1058 5390 Ardeatina
1099 5339 1265 5403 pridie
1296 5338 1469 5391 Nonas
1496 5340 1776 5405 Octobris;
1810 5360 1829 5392 ι
1887 5343 1967 5394 in-

394 5405 851 5478 telligendienitn
884 5417 1006 5460 sunt
1034 5409 1100 5462 de
1129 5408 1300 5474 aliqua
1333 5408 1449 5478 ejus
1481 5411 1850 5464 translatione.
1904 5412 1962 5468 S.

393 5475 598 5530 Marcus
620 5476 794 5531 adhuc
821 5478 1099 5545 presbyter
1124 5475 1392 5530 ltomanus
1417 5494 1557 5532 anno
1583 5479 1688 5536 515
1713 5496 1813 5536 una
1843 5496 1963 5534 cmn

395 5547 625 5600 Miltiade
655 5561 786 5614 papa
819 5548 1062 5602 interfuit
1087 5548 1293 5616 synodo
1325 5549 1573 5602 Ιὶυιιιθυιε
1603 5553 1651 5603 in
1678 5566 1834 5605 causa
1862 5552 1965 5604 Do-

395 5618 712 5670 natistarmn
746 5617 962 5679 habitae.
994 5615 1186 5671 Eusnn.
1219 5615 1361 5674 Eccl.
1398 5621 1530 5674 llist.
1563 5636 1615 5682 Χ,
1644 5620 1697 5674 8.

464 5686 490 5720 ά
523 5686 712 5759 Sergii.
767 5688 866 5750 Qui
894 5688 966 5759 _iu
1020 5689 1289 5754 provincia
1336 5705 1451 5758 qua:
1493 5701 1825 5759 nuncupatur
1855 5691 1962 5744 Au-

393 5764 546 5825 gusta
594 5757 978 5825 Euphratesia,
1033 5759 1131 5812 sub
1174 5757 1492 5814 Maximiano
1541 5757 1859 5832 imperatore
1909 5771 1962 5816 et

799 5849 1066 5912 Parnot.
1105 5849 1238 5913 XCI
1253 5853 1324 5918 ν.

2065 3450 2327 3504 Antiocho
2361 3446 2588 3516 praeside
2621 3447 2759 3513 passi
2792 3455 2918 3499 sunt
2945 3462 2958 3496 :
2992 3461 3215 3514 quorum
3253 3447 3490 3502 Bacchus
3521 3459 3642 3504 tan.

2061 3519 2366 3576 diunervis
2397 3516 2576 3570 crudis
2604 3530 2777 3587 caesus
2805 3527 2917 3577 cst,
2961 3532 3239 3587 quousque
3271 3527 3385 3572 toto
3409 3533 3639 3587 corpore

2060 3589 2320 3643 discissus
2351 3587 2402 3638 in
2431 3584 2770 3640 confessione
2799 3585 2993 3642 Christi
3031 3587 3301 3639 erinitteret
3347 3584 3588 3655 spiritum
3621 3609 3634 3650 :

2057 3668 2113 3714 et
2150 3669 2328 3722 postea
2351 3655 2582 3730 Sergius
2612 3656 2834 3709 clavatis
2865 3656 3140 3730 cothurnis
3190 3657 3368 3730 pedes
3397 3658 3633 3730 indutus,

2058 3744 2177 3782 cum
2209 3730 2260 3780 in
2295 3728 2396 3781 tide
2425 3726 2564 3780 fixus
2595 3735 2854 3790 maneret,
2884 3724 3006 3780 data
3034 3730 3321 3793 sententia,
3349 3727 3528 3796 jussus
3556 3724 3640 3790 est

2057 3797 2313 3852 decollari
2341 3796 2542 3871 εριιίυε
2572 3796 2972 3871 nornine‘locns
2997 3797 3088 3871 ubi
3118 3799 3376 3871 quiescit,
3415 3799 3639 3871 Sergio-

2059 3871 2195 3936 polis
2227 3864 2527 3936 appellatus
2558 3877 2660 3920 est.
2717 3864 2848 3920 Vide
2889 3866 3102 3920 Snriutn
3138 3864 3276 3921 tom.
3313 3868 3373 3922 V.
3430 3869 3505 3924 De
3522 3864 3640 3926 ini-

2061 3939 2240 3992 raculo
2270 3937 2408 4006 quod
2458 3940 2652 3992 factum
2683 3946 2766 3990 est
2797 3937 3134 4004 SergiOpoti,
3185 3948 3239 3991 et
3286 3938 3354 3992 de
3404 3939 3642 3998 donariis
3693 3988 3697 3991 .

2061 4023 2182 4077 quae
2215 4008 2483 4062 Chosroes
2525 4023 2617 4063 rex
2655 4007 2934 4062 Persarum
2980 4007 3127 4061 misit
3149 4009 3213 4062 ad
3238 4019 3480 4064 sanctum
3505 4028 3640 4067 rnar-

2067 4078 2534 4198 tyreszlergiutn,
2559 4079 2677 4131 vide
2701 4077 2911 4146 Evagrii
2940 4077 3254 4133 Scholastici
3288 4077 3424 4133 llist.
3452 4097 3526 4144 tv.
3548 4083 3641 4151 28,

2067 4160 2118 4198 et
2146 4165 2216 4198 vt-
2243 4159 2261 4178 ἐ
2317 4187 2334 4198 .

2064 4160 2118 4202 et
2146 4165 2216 4204 vt.
2243 4150 2334 4202 ’21.
3689 4151 3691 4156 ’

2147 4192 2452 4270 ἑἿυῖιὲἓριιι.
2512 4217 2612 4283 Qui
2662 4233 2758 4285 per
2804 4217 3103 4286 apostolum
3147 4216 3362 4272 Petrum
3391 4264 3404 4281 ,
3459 4220 3644 4276 relicto

2066 4289 2285 4354 Simone
2317 4289 2488 4356 Mago,
2520 4289 2830 4354 apostolica:
2860 4287 3126 4342 doctrina!
3164 4302 3223 4341 se
3268 4289 3638 4356 tradiderunt,

2067 4375 2130 4414 ac
2178 4365 2517 4428 postmodum
2564 4359 2664 4412 sub
2704 4359 2992 4412 Aureli-mo
3037 4363 3302 4429 consulari
3332 4400 3347 4424 ,
3403 4364 3641 4429 martyrii

2069 4445 2334 4501 cOronam_
2371 4439 2813 4501 reportaverunt,
2843 4428 3055 4501 sepulti
3087 4446 3189 4482 non
3229 4433 3385 4501 longe
3416 4431 3482 4481 ah
3513 4428 3644 4501 urbe

2000 4477 2045 4535 Ι)
2071 4477 2606 4560 maereamus;
2624 4477 2914 4559 Ᾰιῖὀζζζιῐὲ
2925 4477 3189 4555 mea;
3209 4477 3481 4554 varia-.3
3505 4477 3643 4555 stt:

2067 4582 2272 4624 ctornm
2305 4572 2423 4624 Maii
2456 4586 2526 4624 xu
2559 4571 2609 4622 in
2644 4570 2788 4623 Aetis
2819 4570 2972 4624 Nerei
3002 4581 3057 4622 et
3082 4572 3332 4624 Achillei.

2143 4646 2160 4684 f
2197 4641 2492 4706 Augustini.
2544 4641 2756 4693 [tectius
2784 4641 3028 4706 Augusti.
3073 4641 3172 4705 Qui
3205 4656 3310 4692 non
3343 4641 3643 4709 episcopus,

2066 4709 2160 4764 sed
2197 4709 2478 4778 presbyter
2507 4709 2606 4762 fuit
2645 4721 2696 4762 et
2726 4713 3022 4774 confessor,
3054 4713 3122 4762 de
3151 4713 3308 4762 domo
3338 4712 3393 4763 8.
3428 4711 3646 4767 Deside-
3744 4749 3752 4760 .

2067 4779 2166 4833 rati
2197 4779 2437 4846 ejusdem
2473 4780 2621 4832 urbis
2650 4781 2926 4848 episcopi,
2976 4782 3132 4845 cujus
3171 4794 3359 4832 marms
3389 4793 3443 4834 et
3476 4783 3642 4849 pedes

2069 4851 2139 4901 ita
2171 4859 2293 4901 sunt
2319 4850 2622 4915 comracti,
2677 4860 2734 4903 ut
2783 4849 2992 4903 nonnisi
3032 4852 3292 4916 geniculis
3340 4859 3394 4903 et
3445 4852 3642 4908 cubitis

2066 4928 2483 4990 sustentaretur.
2542 4921 2591 4973 Is
2635 4921 2771 4987 apud
2818 4920 3080 4971 BriVatetn
3115 4920 3318 4972 eieetno
3351 4922 3468 4990 ynis
3494 4924 3647 4989 atlju,

2069 4998 2153 5043 tus
2177 5028 2191 5051 ,
2244 4988 2528 5042 a:diiicavit
2555 4989 2846 5060 oratorium
2897 4990 2946 5060 in
2992 4990 3251 5043 honorem
3297 4988 3362 5047 S.‘
3389 4988 3638 5060 Martiui;

2067 5073 2172 5126 quo
2202 5073 2322 5112 cum
2355 5060 2498 5113 illius
2531 5059 2782 5128 reliquias
2810 5059 3089 5112 detulisset
3111 5100 3125 5123 ,
3176 5063 3352 5118 statim
3384 5059 3641 5129 sanatus,

2067 5129 2139 5182 ibi
2186 5144 2307 5181 cum
2351 5130 2556 5197 aliquot
2601 5129 2762 5183 sociis
2811 5131 3126 5196 regulariter
3159 5131 3340 5186 vivens
3367 5173 3381 5199 ,
3435 5136 3532 5188 fuit
3577 5135 3646 5188 ab

2067 5200 2319 5266 episcopo
2351 5201 2400 5252 in
2439 5199 2658 5252 basilica
2691 5199 2748 5252 S.
2779 5200 3151 5266 Symphoriani
3185 5202 3350 5255 abhas
3380 5205 3646 5257 constitu-

2069 5279 2174 5332 tus,
2204 5279 2259 5323 et
2290 5269 2343 5322 in
2376 5279 2602 5335 utroque
2639 5270 2754 5323 loco
2785 5271 3074 5336 discipulos
3101 5272 3166 5325 ad
3201 5284 3400 5325 rectam
3432 5275 3645 5328 vivendi

2069 5339 2571 5413 fortnam__ius_tituit.
2617 5340 2747 5413 liuic
2776 5355 2868 5413 per
2896 5343 3067 5413 visum
3096 5347 3260 5413 semet
3291 5357 3352 5398 ac
3381 5345 3459 5397 bis
3484 5359 3648 5413 appa-

2069 5408 2174 5463 ruit
2203 5412 2260 5463 8.
2293 5408 2539 5480 Ursinus,
2571 5411 2771 5477 primus
2796 5411 2921 5463 olim
2951 5411 3299 5466 Bituricensts
3323 5408 3643 5480 episcopus:

2065 5489 2121 5532 et
2163 5493 2284 5532 cum
2323 5481 2377 5534 S.
2410 5478 2678 5534 Germano
2709 5481 2996 5536 Parisiensi
3027 5485 3299 5550 cpierpo,
3331 5478 3414 5535 cui
3449 5478 3649 5551 pariter

2065 5557 2429 5616 apparuerat,
2481 5559 2534 5604 et
2585 5552 2805 5617 praefato
2853 5554 2908 5608 S.
2945 5553 3288 5611 Desiderato.
3344 5553 3639 5609 inventioni

2065 5620 2472 5676 ettrauslationi
2519 5619 2758 5687 ejusdem
2805 5621 2864 5677 S.
2903 5622 3074 5677 Ursmi
3103 5623 3360 5677 interfuit.
3405 5625 3643 5685 Tandem

2064 5691 2202 5744 circa
2216 5705 2320 5815 ἑιόι.
2347 5689 2453 5744 580
2483 5692 2633 5747 obiit.
2668 5693 2839 5751 Gneo.
2869 5692 3074 5750 Tunou.
3109 5695 3177 5748 de
3206 5693 3354 5749 Glor.
3385 5697 3664 5765 confess".

2065 5775 2184 5815 can.
2291 5801 2304 5815 .

2099 5776 2184 5818 al).
2216 5776 2304 5816 δυ.

2132 5779 2184 5837 p.
2216 5779 2304 5816 δυ.
2493 5823 2500 5829 μ

3254 5851 3334 5919 39';
