  <div class='ocr_page' id='page_1' title='image "/cluster/home/n/w/nwhite01/storage/ocr_20150623/94/hvd.32044054759659/542.png"; bbox 0 0 4022 6200; ppageno 0'>
   <div class='ocr_carea' id='block_1_1' title="bbox 418 310 557 370">
    <p class='ocr_par' dir='ltr' id='par_1_1' title="bbox 418 310 557 370">
     <span class='ocr_line' id='line_1_1' title="bbox 418 310 557 370; baseline -0.014 -3"><span class='ocrx_word' id='word_1_1' title='bbox 418 310 557 370; x_wconf 79' lang='grc'><strong>1075</strong></span> 
     </span>
    </p>
   </div>
   <div class='ocr_carea' id='block_1_2' title="bbox 1547 315 2560 383">
    <p class='ocr_par' dir='ltr' id='par_1_2' title="bbox 1547 315 2560 383">
     <span class='ocr_line' id='line_1_2' title="bbox 1547 315 2560 383; baseline 0.007 -10"><span class='ocrx_word' id='word_1_2' title='bbox 1547 315 1741 375; x_wconf 78' lang='lat' dir='ltr'><strong>SECT.</strong></span> <span class='ocrx_word' id='word_1_3' title='bbox 1785 317 1844 371; x_wconf 93' lang='grc'><strong>11.</strong></span> <span class='ocrx_word' id='word_1_4' title='bbox 1885 350 1955 362; x_wconf 89' lang='lat'><strong>—--</strong></span> <span class='ocrx_word' id='word_1_5' title='bbox 1996 319 2560 383; x_wconf 64' lang='lat' dir='ltr'><strong>MARTYROIDGIA.</strong></span> 
     </span>
    </p>
   </div>
   <div class='ocr_carea' id='block_1_3' title="bbox 3560 333 3691 387">
    <p class='ocr_par' dir='ltr' id='par_1_3' title="bbox 3560 333 3691 387">
     <span class='ocr_line' id='line_1_3' title="bbox 3560 333 3691 387; baseline 0.015 -2"><span class='ocrx_word' id='word_1_6' title='bbox 3560 333 3691 387; x_wconf 67' lang='grc'><strong>1071</strong></span> 
     </span>
    </p>
   </div>
   <div class='ocr_carea' id='block_1_4' title="bbox 1664 428 2394 486">
    <p class='ocr_par' dir='ltr' id='par_1_4' title="bbox 1664 428 2394 486">
     <span class='ocr_line' id='line_1_4' title="bbox 1664 428 2394 486; baseline 0.005 -4"><span class='ocrx_word' id='word_1_7' title='bbox 1664 428 1891 484; x_wconf 78' lang='lat' dir='ltr'><strong>EDITiO</strong></span> <span class='ocrx_word' id='word_1_8' title='bbox 1930 429 2394 486; x_wconf 82' lang='lat' dir='ltr'><strong>COLUNlENSlS.</strong></span> 
     </span>
    </p>
   </div>
   <div class='ocr_carea' id='block_1_5' title="bbox 337 519 3687 600">
    <p class='ocr_par' dir='ltr' id='par_1_5' title="bbox 337 519 3687 600">
     <span class='ocr_line' id='line_1_5' title="bbox 337 519 3687 600; baseline 0.005 -29"><span class='ocrx_word' id='word_1_9' title='bbox 337 520 372 595; x_wconf 32' lang='lat'><strong>‘1,</strong></span> <span class='ocrx_word' id='word_1_10' title='bbox 414 533 538 572; x_wconf 89' lang='lat' dir='ltr'><strong>nam</strong></span> <span class='ocrx_word' id='word_1_11' title='bbox 568 526 873 572; x_wconf 89' lang='lat' dir='ltr'><strong>sanctorum</strong></span> <span class='ocrx_word' id='word_1_12' title='bbox 910 519 1214 574; x_wconf 77' lang='lat' dir='ltr'><strong>Maurorum</strong></span> <span class='ocrx_word' id='word_1_13' title='bbox 1269 519 1335 576; x_wconf 88' lang='lat' dir='ltr'><strong>de</strong></span> <span class='ocrx_word' id='word_1_14' title='bbox 1385 521 1665 589; x_wconf 73' lang='lat' dir='ltr'><strong>militibus,</strong></span> <span class='ocrx_word' id='word_1_15' title='bbox 1699 524 1785 592; x_wconf 89' lang='lat' dir='ltr'><strong>qui</strong></span> <span class='ocrx_word' id='word_1_16' title='bbox 1819 539 1883 578; x_wconf 81' lang='lat' dir='ltr'><strong>ex</strong></span> <span class='ocrx_word' id='word_1_17' title='bbox 1914 523 1997 576; x_wconf 89' lang='lat' dir='ltr'><strong>illa</strong></span> <span class='ocrx_word' id='word_1_18' title='bbox 2029 528 2076 585; x_wconf 79' lang='grc' dir='ltr'><strong>Α</strong></span> <span class='ocrx_word' id='word_1_19' title='bbox 2111 523 2236 578; x_wconf 83' lang='lat' dir='ltr'><strong>item</strong></span> <span class='ocrx_word' id='word_1_20' title='bbox 2271 526 2528 594; x_wconf 87' lang='lat' dir='ltr'><strong>lleronis,</strong></span> <span class='ocrx_word' id='word_1_21' title='bbox 2561 528 2646 596; x_wconf 88' lang='lat' dir='ltr'><strong>qui</strong></span> <span class='ocrx_word' id='word_1_22' title='bbox 2688 537 2807 598; x_wconf 90' lang='lat' dir='ltr'><strong>post</strong></span> <span class='ocrx_word' id='word_1_23' title='bbox 2854 528 3067 583; x_wconf 88' lang='lat' dir='ltr'><strong>beatum</strong></span> <span class='ocrx_word' id='word_1_24' title='bbox 3113 529 3368 600; x_wconf 81' lang='lat' dir='ltr'><strong>lgnatium</strong></span> <span class='ocrx_word' id='word_1_25' title='bbox 3402 533 3687 588; x_wconf 72' lang='grc' dir='ltr'><strong>Αηιὶοειιυο</strong></span> 
     </span>
    </p>
   </div>
   <div class='ocr_carea' id='block_1_6' title="bbox 415 609 1994 685">
    <p class='ocr_par' dir='ltr' id='par_1_6' title="bbox 415 609 1994 685">
     <span class='ocr_line' id='line_1_6' title="bbox 415 609 1994 685; baseline 0.004 -22"><span class='ocrx_word' id='word_1_26' title='bbox 415 609 626 678; x_wconf 76' lang='lat' dir='ltr'><strong>legione</strong></span> <span class='ocrx_word' id='word_1_27' title='bbox 651 624 801 664; x_wconf 88' lang='lat' dir='ltr'><strong>sacra</strong></span> <span class='ocrx_word' id='word_1_28' title='bbox 834 610 1187 666; x_wconf 61' lang='lat' dir='ltr'><strong>Thebanorum</strong></span> <span class='ocrx_word' id='word_1_29' title='bbox 1218 626 1337 666; x_wconf 89' lang='lat' dir='ltr'><strong>cum</strong></span> <span class='ocrx_word' id='word_1_30' title='bbox 1381 622 1566 668; x_wconf 90' lang='lat' dir='ltr'><strong>essent</strong></span> <span class='ocrx_word' id='word_1_31' title='bbox 1599 615 1820 668; x_wconf 89' lang='lat' dir='ltr'><strong>trecenti</strong></span> <span class='ocrx_word' id='word_1_32' title='bbox 1861 631 1994 685; x_wconf 83' lang='lat' dir='ltr'><strong>qua-</strong></span> 
     </span>
    </p>
   </div>
   <div class='ocr_carea' id='block_1_7' title="bbox 413 703 1994 776">
    <p class='ocr_par' dir='ltr' id='par_1_7' title="bbox 413 703 1994 776">
     <span class='ocr_line' id='line_1_7' title="bbox 413 703 1994 776; baseline 0.003 -20"><span class='ocrx_word' id='word_1_33' title='bbox 413 703 678 772; x_wconf 80' lang='lat' dir='ltr'><strong>draginta,</strong></span> <span class='ocrx_word' id='word_1_34' title='bbox 723 703 859 770; x_wconf 90' lang='lat' dir='ltr'><strong>apud</strong></span> <span class='ocrx_word' id='word_1_35' title='bbox 905 703 1146 758; x_wconf 82' lang='lat' dir='ltr'><strong>eamdem</strong></span> <span class='ocrx_word' id='word_1_36' title='bbox 1179 705 1366 759; x_wconf 82' lang='lat' dir='ltr'><strong>urbem</strong></span> <span class='ocrx_word' id='word_1_37' title='bbox 1399 706 1710 776; x_wconf 80' lang='lat' dir='ltr'><strong>martyrium</strong></span> <span class='ocrx_word' id='word_1_38' title='bbox 1743 721 1994 762; x_wconf 56' lang='lat' dir='ltr'><strong>consum-</strong></span> 
     </span>
    </p>
   </div>
   <div class='ocr_carea' id='block_1_8' title="bbox 409 793 1999 868">
    <p class='ocr_par' dir='ltr' id='par_1_8' title="bbox 409 793 1999 868">
     <span class='ocr_line' id='line_1_8' title="bbox 409 793 1999 868; baseline 0.003 -20"><span class='ocrx_word' id='word_1_39' title='bbox 409 804 646 859; x_wconf 88' lang='lat' dir='ltr'><strong>mantes,</strong></span> <span class='ocrx_word' id='word_1_40' title='bbox 669 793 868 848; x_wconf 90' lang='lat' dir='ltr'><strong>conditi</strong></span> <span class='ocrx_word' id='word_1_41' title='bbox 898 803 1020 848; x_wconf 92' lang='lat' dir='ltr'><strong>sunt</strong></span> <span class='ocrx_word' id='word_1_42' title='bbox 1045 797 1094 849; x_wconf 92' lang='lat' dir='ltr'><strong>in</strong></span> <span class='ocrx_word' id='word_1_43' title='bbox 1117 796 1354 864; x_wconf 90' lang='lat' dir='ltr'><strong>basilica,</strong></span> <span class='ocrx_word' id='word_1_44' title='bbox 1379 814 1495 868; x_wconf 82' lang='lat' dir='ltr'><strong>quae</strong></span> <span class='ocrx_word' id='word_1_45' title='bbox 1517 799 1814 855; x_wconf 83' lang='lat' dir='ltr'><strong>admirabili</strong></span> <span class='ocrx_word' id='word_1_46' title='bbox 1839 815 1999 866; x_wconf 87' lang='lat' dir='ltr'><strong>opere</strong></span> 
     </span>
    </p>
   </div>
   <div class='ocr_carea' id='block_1_9' title="bbox 410 883 1998 959">
    <p class='ocr_par' dir='ltr' id='par_1_9' title="bbox 410 883 1998 959">
     <span class='ocr_line' id='line_1_9' title="bbox 410 883 1998 959; baseline 0.004 -21"><span class='ocrx_word' id='word_1_47' title='bbox 410 901 477 938; x_wconf 87' lang='lat' dir='ltr'><strong>ex</strong></span> <span class='ocrx_word' id='word_1_48' title='bbox 506 883 710 940; x_wconf 83' lang='lat' dir='ltr'><strong>Musivo</strong></span> <span class='ocrx_word' id='word_1_49' title='bbox 739 885 1135 954; x_wconf 89' lang='lat' dir='ltr'><strong>quodammodo</strong></span> <span class='ocrx_word' id='word_1_50' title='bbox 1183 886 1433 942; x_wconf 86' lang='lat' dir='ltr'><strong>deaurata</strong></span> <span class='ocrx_word' id='word_1_51' title='bbox 1479 891 1801 959; x_wconf 84' lang='lat' dir='ltr'><strong>resplendet.</strong></span> <span class='ocrx_word' id='word_1_52' title='bbox 1851 890 1998 946; x_wconf 85' lang='lat' dir='ltr'><strong>Unde</strong></span> 
     </span>
    </p>
   </div>
   <div class='ocr_carea' id='block_1_10' title="bbox 411 970 1994 1036">
    <p class='ocr_par' dir='ltr' id='par_1_10' title="bbox 411 970 1994 1036">
     <span class='ocr_line' id='line_1_10' title="bbox 411 970 1994 1036; baseline 0.005 -9"><span class='ocrx_word' id='word_1_53' title='bbox 411 970 469 1028; x_wconf 84' lang='lat' dir='ltr'><strong>et</strong></span> <span class='ocrx_word' id='word_1_54' title='bbox 514 973 704 1028; x_wconf 76' lang='lat' dir='ltr'><strong>incola:</strong></span> <span class='ocrx_word' id='word_1_55' title='bbox 734 975 798 1028; x_wconf 87' lang='lat' dir='ltr'><strong>ad</strong></span> <span class='ocrx_word' id='word_1_56' title='bbox 831 985 1046 1031; x_wconf 86' lang='lat' dir='ltr'><strong>sanctos</strong></span> <span class='ocrx_word' id='word_1_57' title='bbox 1077 993 1268 1032; x_wconf 89' lang='lat' dir='ltr'><strong>aureos</strong></span> <span class='ocrx_word' id='word_1_58' title='bbox 1307 979 1542 1035; x_wconf 75' lang='lat' dir='ltr'><strong>vocitare</strong></span> <span class='ocrx_word' id='word_1_59' title='bbox 1587 991 1994 1036; x_wconf 87' lang='lat' dir='ltr'><strong>consueverunt.</strong></span> 
     </span>
    </p>
   </div>
   <div class='ocr_carea' id='block_1_11' title="bbox 411 1061 1998 1141">
    <p class='ocr_par' dir='ltr' id='par_1_11' title="bbox 411 1061 1998 1141">
     <span class='ocr_line' id='line_1_11' title="bbox 411 1061 1998 1141; baseline 0.005 -25"><span class='ocrx_word' id='word_1_60' title='bbox 411 1061 635 1120; x_wconf 64' lang='lat' dir='ltr'><strong>Viennae</strong></span> <span class='ocrx_word' id='word_1_61' title='bbox 664 1077 966 1120; x_wconf 90' lang='lat' dir='ltr'><strong>sanctorum</strong></span> <span class='ocrx_word' id='word_1_62' title='bbox 998 1067 1370 1137; x_wconf 90' lang='lat' dir='ltr'><strong>episcoporum</strong></span> <span class='ocrx_word' id='word_1_63' title='bbox 1415 1072 1619 1141; x_wconf 83' lang='lat' dir='ltr'><strong>Agrati,</strong></span> <span class='ocrx_word' id='word_1_64' title='bbox 1669 1069 1899 1126; x_wconf 88' lang='lat' dir='ltr'><strong>Costori.</strong></span> <span class='ocrx_word' id='word_1_65' title='bbox 1946 1073 1998 1126; x_wconf 93' lang='lat' dir='ltr'><strong>In</strong></span> 
     </span>
    </p>
   </div>
   <div class='ocr_carea' id='block_1_12' title="bbox 410 1156 1486 1226">
    <p class='ocr_par' dir='ltr' id='par_1_12' title="bbox 410 1156 1486 1226">
     <span class='ocr_line' id='line_1_12' title="bbox 410 1156 1486 1226; baseline 0.009 -18"><span class='ocrx_word' id='word_1_66' title='bbox 410 1156 612 1226; x_wconf 79' lang='lat' dir='ltr'><strong>(.‘apua,</strong></span> <span class='ocrx_word' id='word_1_67' title='bbox 644 1157 811 1212; x_wconf 88' lang='lat' dir='ltr'><strong>Libuli</strong></span> <span class='ocrx_word' id='word_1_68' title='bbox 844 1169 897 1214; x_wconf 90' lang='lat' dir='ltr'><strong>et</strong></span> <span class='ocrx_word' id='word_1_69' title='bbox 927 1171 1124 1214; x_wconf 70' lang='lat' dir='ltr'><strong>SﬂllCliB</strong></span> <span class='ocrx_word' id='word_1_70' title='bbox 1159 1161 1486 1218; x_wconf 73' lang='lat' dir='ltr'><strong>Fortunatm.</strong></span> 
     </span>
    </p>
   </div>
   <div class='ocr_carea' id='block_1_13' title="bbox 484 1247 1996 1324">
    <p class='ocr_par' dir='ltr' id='par_1_13' title="bbox 484 1247 1996 1324">
     <span class='ocr_line' id='line_1_13' title="bbox 484 1247 1996 1324; baseline 0.005 -22"><span class='ocrx_word' id='word_1_71' title='bbox 484 1249 544 1302; x_wconf 85' lang='grc' dir='ltr'><strong>Β.</strong></span> <span class='ocrx_word' id='word_1_72' title='bbox 606 1247 748 1304; x_wconf 81' lang='lat' dir='ltr'><strong>XVII</strong></span> <span class='ocrx_word' id='word_1_73' title='bbox 807 1250 1042 1307; x_wconf 78' lang='lat' dir='ltr'><strong>CALEND.</strong></span> <span class='ocrx_word' id='word_1_74' title='bbox 1098 1253 1338 1307; x_wconf 65' lang='lat' dir='ltr'><strong>Novum.</strong></span> <span class='ocrx_word' id='word_1_75' title='bbox 1397 1281 1461 1294; x_wconf 81' lang='lat'><strong>--</strong></span> <span class='ocrx_word' id='word_1_76' title='bbox 1513 1255 1783 1324; x_wconf 88' lang='lat' dir='ltr'><strong>Depositio</strong></span> <span class='ocrx_word' id='word_1_77' title='bbox 1829 1256 1996 1309; x_wconf 88' lang='lat' dir='ltr'><strong>sancti</strong></span> 
     </span>
    </p>
   </div>
   <div class='ocr_carea' id='block_1_14' title="bbox 409 1337 1993 1413">
    <p class='ocr_par' dir='ltr' id='par_1_14' title="bbox 409 1337 1993 1413">
     <span class='ocr_line' id='line_1_14' title="bbox 409 1337 1993 1413; baseline 0.004 -20"><span class='ocrx_word' id='word_1_78' title='bbox 409 1337 548 1393; x_wconf 83' lang='lat' dir='ltr'><strong>Galli</strong></span> <span class='ocrx_word' id='word_1_79' title='bbox 580 1340 926 1408; x_wconf 82' lang='lat' dir='ltr'><strong>confessoris,</strong></span> <span class='ocrx_word' id='word_1_80' title='bbox 981 1341 1132 1412; x_wconf 83' lang='lat' dir='ltr'><strong>cujus</strong></span> <span class='ocrx_word' id='word_1_81' title='bbox 1184 1345 1287 1397; x_wconf 74' lang='lat' dir='ltr'><strong>vita</strong></span> <span class='ocrx_word' id='word_1_82' title='bbox 1335 1345 1486 1413; x_wconf 88' lang='lat' dir='ltr'><strong>plena</strong></span> <span class='ocrx_word' id='word_1_83' title='bbox 1539 1346 1819 1400; x_wconf 88' lang='lat' dir='ltr'><strong>virtutibus</strong></span> <span class='ocrx_word' id='word_1_84' title='bbox 1864 1362 1993 1399; x_wconf 85' lang='lat' dir='ltr'><strong>con-</strong></span> 
     </span>
    </p>
   </div>
   <div class='ocr_carea' id='block_1_15' title="bbox 408 1431 1990 1504">
    <p class='ocr_par' dir='ltr' id='par_1_15' title="bbox 408 1431 1990 1504">
     <span class='ocr_line' id='line_1_15' title="bbox 408 1431 1990 1504; baseline 0.003 -19"><span class='ocrx_word' id='word_1_85' title='bbox 408 1432 608 1498; x_wconf 87' lang='lat' dir='ltr'><strong>scripta</strong></span> <span class='ocrx_word' id='word_1_86' title='bbox 661 1431 904 1487; x_wconf 90' lang='lat' dir='ltr'><strong>habetur.</strong></span> <span class='ocrx_word' id='word_1_87' title='bbox 963 1434 1116 1501; x_wconf 84' lang='lat' dir='ltr'><strong>Apud</strong></span> <span class='ocrx_word' id='word_1_88' title='bbox 1178 1435 1488 1504; x_wconf 76' lang='lat' dir='ltr'><strong>Lugdunum</strong></span> <span class='ocrx_word' id='word_1_89' title='bbox 1549 1435 1687 1489; x_wconf 90' lang='lat' dir='ltr'><strong>beati</strong></span> <span class='ocrx_word' id='word_1_90' title='bbox 1745 1437 1990 1491; x_wconf 81' lang='lat' dir='ltr'><strong>Antiochi</strong></span> 
     </span>
    </p>
   </div>
   <div class='ocr_carea' id='block_1_16' title="bbox 406 1523 1986 1594">
    <p class='ocr_par' dir='ltr' id='par_1_16' title="bbox 406 1523 1986 1594">
     <span class='ocr_line' id='line_1_16' title="bbox 406 1523 1986 1594; baseline 0.003 -19"><span class='ocrx_word' id='word_1_91' title='bbox 406 1523 665 1594; x_wconf 87' lang='lat' dir='ltr'><strong>episcopi.</strong></span> <span class='ocrx_word' id='word_1_92' title='bbox 715 1523 866 1592; x_wconf 86' lang='lat' dir='ltr'><strong>Apud</strong></span> <span class='ocrx_word' id='word_1_93' title='bbox 913 1523 1169 1578; x_wconf 85' lang='lat' dir='ltr'><strong>Viennam</strong></span> <span class='ocrx_word' id='word_1_94' title='bbox 1222 1526 1390 1580; x_wconf 87' lang='lat' dir='ltr'><strong>sancti</strong></span> <span class='ocrx_word' id='word_1_95' title='bbox 1432 1523 1690 1578; x_wconf 87' lang='lat' dir='ltr'><strong>Theodati</strong></span> <span class='ocrx_word' id='word_1_96' title='bbox 1729 1527 1986 1594; x_wconf 87' lang='lat' dir='ltr'><strong>episcopi,</strong></span> 
     </span>
    </p>
   </div>
   <div class='ocr_carea' id='block_1_17' title="bbox 2107 615 3687 698">
    <p class='ocr_par' dir='ltr' id='par_1_17' title="bbox 2107 615 3687 698">
     <span class='ocr_line' id='line_1_17' title="bbox 2107 615 3687 698; baseline 0.008 -32"><span class='ocrx_word' id='word_1_97' title='bbox 2107 629 2228 668; x_wconf 91' lang='lat' dir='ltr'><strong>nam</strong></span> <span class='ocrx_word' id='word_1_98' title='bbox 2277 615 2412 672; x_wconf 81' lang='lat' dir='ltr'><strong>rexit</strong></span> <span class='ocrx_word' id='word_1_99' title='bbox 2458 615 2765 673; x_wconf 87' lang='lat' dir='ltr'><strong>Ecclesiam.</strong></span> <span class='ocrx_word' id='word_1_100' title='bbox 2801 619 2928 672; x_wconf 85' lang='lat' dir='ltr'><strong>Erat</strong></span> <span class='ocrx_word' id='word_1_101' title='bbox 2957 619 3096 673; x_wconf 87' lang='lat' dir='ltr'><strong>enim</strong></span> <span class='ocrx_word' id='word_1_102' title='bbox 3150 620 3232 676; x_wconf 92' lang='lat' dir='ltr'><strong>hic</strong></span> <span class='ocrx_word' id='word_1_103' title='bbox 3268 621 3408 676; x_wconf 90' lang='lat' dir='ltr'><strong>beati</strong></span> <span class='ocrx_word' id='word_1_104' title='bbox 3439 626 3687 698; x_wconf 73' lang='lat' dir='ltr'><strong>martyris</strong></span> 
     </span>
    </p>
   </div>
   <div class='ocr_carea' id='block_1_18' title="bbox 2109 705 3683 785">
    <p class='ocr_par' dir='ltr' id='par_1_18' title="bbox 2109 705 3683 785">
     <span class='ocr_line' id='line_1_18' title="bbox 2109 705 3683 785; baseline 0.01 -28"><span class='ocrx_word' id='word_1_105' title='bbox 2109 705 2289 775; x_wconf 81' lang='lat' dir='ltr'><strong>lgnatii</strong></span> <span class='ocrx_word' id='word_1_106' title='bbox 2319 707 2608 774; x_wconf 85' lang='lat' dir='ltr'><strong>diaconus,</strong></span> <span class='ocrx_word' id='word_1_107' title='bbox 2641 709 2728 780; x_wconf 92' lang='lat' dir='ltr'><strong>qui</strong></span> <span class='ocrx_word' id='word_1_108' title='bbox 2751 712 3035 780; x_wconf 86' lang='lat' dir='ltr'><strong>episcopus</strong></span> <span class='ocrx_word' id='word_1_109' title='bbox 3059 711 3248 778; x_wconf 89' lang='lat' dir='ltr'><strong>factus,</strong></span> <span class='ocrx_word' id='word_1_110' title='bbox 3272 714 3415 768; x_wconf 90' lang='lat' dir='ltr'><strong>viam</strong></span> <span class='ocrx_word' id='word_1_111' title='bbox 3442 717 3683 785; x_wconf 79' lang='lat' dir='ltr'><strong>magistri</strong></span> 
     </span>
    </p>
   </div>
   <div class='ocr_carea' id='block_1_19' title="bbox 2107 798 3687 878">
    <p class='ocr_par' dir='ltr' id='par_1_19' title="bbox 2107 798 3687 878">
     <span class='ocr_line' id='line_1_19' title="bbox 2107 798 3687 878; baseline 0.009 -29"><span class='ocrx_word' id='word_1_112' title='bbox 2107 798 2223 866; x_wconf 92' lang='lat' dir='ltr'><strong>pius</strong></span> <span class='ocrx_word' id='word_1_113' title='bbox 2274 799 2508 852; x_wconf 88' lang='lat' dir='ltr'><strong>imitator</strong></span> <span class='ocrx_word' id='word_1_114' title='bbox 2559 803 2834 869; x_wconf 89' lang='lat' dir='ltr'><strong>sequitur,</strong></span> <span class='ocrx_word' id='word_1_115' title='bbox 2868 815 2922 864; x_wconf 85' lang='lat' dir='ltr'><strong>et</strong></span> <span class='ocrx_word' id='word_1_116' title='bbox 2973 819 3067 870; x_wconf 90' lang='lat' dir='ltr'><strong>pro</strong></span> <span class='ocrx_word' id='word_1_117' title='bbox 3108 805 3480 860; x_wconf 87' lang='lat' dir='ltr'><strong>commendato</strong></span> <span class='ocrx_word' id='word_1_118' title='bbox 3527 822 3687 878; x_wconf 81' lang='lat' dir='ltr'><strong>grege</strong></span> 
     </span>
    </p>
   </div>
   <div class='ocr_carea' id='block_1_20' title="bbox 2106 887 3681 962">
    <p class='ocr_par' dir='ltr' id='par_1_20' title="bbox 2106 887 3681 962">
     <span class='ocr_line' id='line_1_20' title="bbox 2106 887 3681 962; baseline 0.007 -25"><span class='ocrx_word' id='word_1_119' title='bbox 2106 895 2312 938; x_wconf 90' lang='lat' dir='ltr'><strong>amator</strong></span> <span class='ocrx_word' id='word_1_120' title='bbox 2335 887 2533 940; x_wconf 88' lang='lat' dir='ltr'><strong>Christi</strong></span> <span class='ocrx_word' id='word_1_121' title='bbox 2562 890 2825 942; x_wconf 90' lang='lat' dir='ltr'><strong>occubuit.</strong></span> <span class='ocrx_word' id='word_1_122' title='bbox 2859 889 2911 942; x_wconf 93' lang='lat' dir='ltr'><strong>lu</strong></span> <span class='ocrx_word' id='word_1_123' title='bbox 2937 890 3124 945; x_wconf 88' lang='lat' dir='ltr'><strong>Galliis</strong></span> <span class='ocrx_word' id='word_1_124' title='bbox 3154 894 3368 946; x_wconf 86' lang='lat' dir='ltr'><strong>civitate</strong></span> <span class='ocrx_word' id='word_1_125' title='bbox 3407 894 3681 962; x_wconf 84' lang='lat' dir='ltr'><strong>Arausica,</strong></span> 
     </span>
    </p>
   </div>
   <div class='ocr_carea' id='block_1_21' title="bbox 2107 976 3686 1055">
    <p class='ocr_par' dir='ltr' id='par_1_21' title="bbox 2107 976 3686 1055">
     <span class='ocr_line' id='line_1_21' title="bbox 2107 976 3686 1055; baseline 0.009 -26"><span class='ocrx_word' id='word_1_126' title='bbox 2107 976 2276 1031; x_wconf 79' lang='lat' dir='ltr'><strong>sancti</strong></span> <span class='ocrx_word' id='word_1_127' title='bbox 2309 977 2562 1034; x_wconf 84' lang='lat' dir='ltr'><strong>Florentii</strong></span> <span class='ocrx_word' id='word_1_128' title='bbox 2593 981 2851 1049; x_wconf 85' lang='lat' dir='ltr'><strong>episc0pi,</strong></span> <span class='ocrx_word' id='word_1_129' title='bbox 2882 983 2970 1052; x_wconf 90' lang='lat' dir='ltr'><strong>qui</strong></span> <span class='ocrx_word' id='word_1_130' title='bbox 2999 985 3176 1037; x_wconf 91' lang='lat' dir='ltr'><strong>multis</strong></span> <span class='ocrx_word' id='word_1_131' title='bbox 3205 985 3379 1038; x_wconf 86' lang='lat' dir='ltr'><strong>clarus</strong></span> <span class='ocrx_word' id='word_1_132' title='bbox 3406 987 3686 1055; x_wconf 58' lang='lat' dir='ltr'><strong>virtutibus</strong></span> 
     </span>
    </p>
   </div>
   <div class='ocr_carea' id='block_1_22' title="bbox 2105 1066 3686 1137">
    <p class='ocr_par' dir='ltr' id='par_1_22' title="bbox 2105 1066 3686 1137">
     <span class='ocr_line' id='line_1_22' title="bbox 2105 1066 3686 1137; baseline 0.009 -18"><span class='ocrx_word' id='word_1_133' title='bbox 2105 1066 2158 1119; x_wconf 91' lang='lat' dir='ltr'><strong>in</strong></span> <span class='ocrx_word' id='word_1_134' title='bbox 2193 1082 2322 1136; x_wconf 84' lang='lat' dir='ltr'><strong>pace</strong></span> <span class='ocrx_word' id='word_1_135' title='bbox 2349 1070 2567 1137; x_wconf 91' lang='lat' dir='ltr'><strong>quievit.</strong></span> <span class='ocrx_word' id='word_1_136' title='bbox 2603 1071 2654 1124; x_wconf 93' lang='lat' dir='ltr'><strong>ln</strong></span> <span class='ocrx_word' id='word_1_137' title='bbox 2688 1071 2993 1127; x_wconf 82' lang='lat' dir='ltr'><strong>Nicomedia</strong></span> <span class='ocrx_word' id='word_1_138' title='bbox 3024 1074 3330 1129; x_wconf 79' lang='lat' dir='ltr'><strong>Alexandri.</strong></span> <span class='ocrx_word' id='word_1_139' title='bbox 3359 1076 3412 1130; x_wconf 93' lang='lat' dir='ltr'><strong>ln</strong></span> <span class='ocrx_word' id='word_1_140' title='bbox 3440 1076 3686 1133; x_wconf 82' lang='lat' dir='ltr'><strong>Maurita-</strong></span> 
     </span>
    </p>
   </div>
   <div class='ocr_carea' id='block_1_23' title="bbox 2106 1155 3682 1234">
    <p class='ocr_par' dir='ltr' id='par_1_23' title="bbox 2106 1155 3682 1234">
     <span class='ocr_line' id='line_1_23' title="bbox 2106 1155 3682 1234; baseline 0.01 -25"><span class='ocrx_word' id='word_1_141' title='bbox 2106 1155 2212 1218; x_wconf 89' lang='lat' dir='ltr'><strong>nia,</strong></span> <span class='ocrx_word' id='word_1_142' title='bbox 2246 1157 2386 1218; x_wconf 79' lang='lat' dir='ltr'><strong>Nini.</strong></span> <span class='ocrx_word' id='word_1_143' title='bbox 2418 1159 2660 1226; x_wconf 80' lang='lat' dir='ltr'><strong>Victorii,</strong></span> <span class='ocrx_word' id='word_1_144' title='bbox 2686 1163 2998 1229; x_wconf 82' lang='lat' dir='ltr'><strong>Nobilitani,</strong></span> <span class='ocrx_word' id='word_1_145' title='bbox 3027 1165 3267 1234; x_wconf 84' lang='lat' dir='ltr'><strong>Mariani,</strong></span> <span class='ocrx_word' id='word_1_146' title='bbox 3293 1169 3462 1234; x_wconf 85' lang='lat' dir='ltr'><strong>Lucii,</strong></span> <span class='ocrx_word' id='word_1_147' title='bbox 3494 1170 3682 1226; x_wconf 80' lang='lat' dir='ltr'><strong>Mittini</strong></span> 
     </span>
    </p>
   </div>
   <div class='ocr_carea' id='block_1_24' title="bbox 2103 1250 3367 1328">
    <p class='ocr_par' dir='ltr' id='par_1_24' title="bbox 2103 1250 3367 1328">
     <span class='ocr_line' id='line_1_24' title="bbox 2103 1250 3367 1328; baseline 0.008 -25"><span class='ocrx_word' id='word_1_148' title='bbox 2103 1260 2154 1303; x_wconf 88' lang='lat' dir='ltr'><strong>et</strong></span> <span class='ocrx_word' id='word_1_149' title='bbox 2186 1250 2572 1313; x_wconf 85' lang='lat' dir='ltr'><strong>Crescentiani,</strong></span> <span class='ocrx_word' id='word_1_150' title='bbox 2598 1260 2648 1303; x_wconf 91' lang='lat' dir='ltr'><strong>ct</strong></span> <span class='ocrx_word' id='word_1_151' title='bbox 2680 1254 2848 1306; x_wconf 88' lang='lat' dir='ltr'><strong>sancti</strong></span> <span class='ocrx_word' id='word_1_152' title='bbox 2880 1254 3066 1322; x_wconf 87' lang='lat' dir='ltr'><strong>Eliphii</strong></span> <span class='ocrx_word' id='word_1_153' title='bbox 3101 1260 3367 1328; x_wconf 83' lang='lat' dir='ltr'><strong>martyris.</strong></span> 
     </span>
    </p>
   </div>
   <div class='ocr_carea' id='block_1_25' title="bbox 2173 1339 3683 1406">
    <p class='ocr_par' dir='ltr' id='par_1_25' title="bbox 2173 1339 3683 1406">
     <span class='ocr_line' id='line_1_25' title="bbox 2173 1339 3683 1406; baseline 0.009 -13"><span class='ocrx_word' id='word_1_154' title='bbox 2173 1340 2232 1396; x_wconf 90' lang='lat' dir='ltr'><strong>C.</strong></span> <span class='ocrx_word' id='word_1_155' title='bbox 2271 1339 2382 1393; x_wconf 79' lang='lat' dir='ltr'><strong>XVI</strong></span> <span class='ocrx_word' id='word_1_156' title='bbox 2420 1341 2550 1397; x_wconf 71' lang='lat' dir='ltr'><strong>KAL.</strong></span> <span class='ocrx_word' id='word_1_157' title='bbox 2578 1342 2816 1398; x_wconf 70' lang='lat' dir='ltr'><strong>Novi-tun.</strong></span> <span class='ocrx_word' id='word_1_158' title='bbox 2841 1374 2910 1384; x_wconf 92' lang='lat'><strong>—</strong></span> <span class='ocrx_word' id='word_1_159' title='bbox 2937 1344 2990 1398; x_wconf 91' lang='lat' dir='ltr'><strong>In</strong></span> <span class='ocrx_word' id='word_1_160' title='bbox 3016 1345 3188 1400; x_wconf 81' lang='lat' dir='ltr'><strong>Africa</strong></span> <span class='ocrx_word' id='word_1_161' title='bbox 3211 1359 3517 1405; x_wconf 90' lang='lat' dir='ltr'><strong>sanctorum</strong></span> <span class='ocrx_word' id='word_1_162' title='bbox 3543 1366 3683 1406; x_wconf 84' lang='lat' dir='ltr'><strong>mar-</strong></span> 
     </span>
    </p>
   </div>
   <div class='ocr_carea' id='block_1_26' title="bbox 2103 1435 3678 1509">
    <p class='ocr_par' dir='ltr' id='par_1_26' title="bbox 2103 1435 3678 1509">
     <span class='ocr_line' id='line_1_26' title="bbox 2103 1435 3678 1509; baseline 0.007 -23"><span class='ocrx_word' id='word_1_163' title='bbox 2103 1443 2274 1504; x_wconf 81' lang='lat' dir='ltr'><strong>tyrum</strong></span> <span class='ocrx_word' id='word_1_164' title='bbox 2319 1435 2668 1490; x_wconf 76' lang='lat' dir='ltr'><strong>ducentorum</strong></span> <span class='ocrx_word' id='word_1_165' title='bbox 2695 1437 3024 1507; x_wconf 79' lang='lat' dir='ltr'><strong>septuaginta</strong></span> <span class='ocrx_word' id='word_1_166' title='bbox 3059 1439 3254 1508; x_wconf 89' lang='lat' dir='ltr'><strong>pariter</strong></span> <span class='ocrx_word' id='word_1_167' title='bbox 3282 1454 3678 1509; x_wconf 86' lang='lat' dir='ltr'><strong>coronatorum,</strong></span> 
     </span>
    </p>
   </div>
   <div class='ocr_carea' id='block_1_27' title="bbox 2095 1531 3681 1604">
    <p class='ocr_par' dir='ltr' id='par_1_27' title="bbox 2095 1531 3681 1604">
     <span class='ocr_line' id='line_1_27' title="bbox 2095 1531 3681 1604; baseline 0.006 -24"><span class='ocrx_word' id='word_1_168' title='bbox 2095 1536 2148 1580; x_wconf 92' lang='lat' dir='ltr'><strong>ct</strong></span> <span class='ocrx_word' id='word_1_169' title='bbox 2185 1540 2486 1580; x_wconf 84' lang='lat' dir='ltr'><strong>sanctorum</strong></span> <span class='ocrx_word' id='word_1_170' title='bbox 2521 1540 2810 1601; x_wconf 81' lang='lat' dir='ltr'><strong>martyrum</strong></span> <span class='ocrx_word' id='word_1_171' title='bbox 2861 1531 3099 1585; x_wconf 81' lang='lat' dir='ltr'><strong>Martiani</strong></span> <span class='ocrx_word' id='word_1_172' title='bbox 3146 1542 3199 1586; x_wconf 89' lang='lat' dir='ltr'><strong>et</strong></span> <span class='ocrx_word' id='word_1_173' title='bbox 3235 1533 3517 1604; x_wconf 57' lang='lat' dir='ltr'><strong>S&#39;ityriaui,</strong></span> <span class='ocrx_word' id='word_1_174' title='bbox 3561 1552 3681 1590; x_wconf 85' lang='lat' dir='ltr'><strong>cum</strong></span> 
     </span>
    </p>
   </div>
   <div class='ocr_carea' id='block_1_28' title="bbox 1651 1617 2426 1672">
    <p class='ocr_par' dir='ltr' id='par_1_28' title="bbox 1651 1617 2426 1672">
     <span class='ocr_line' id='line_1_28' title="bbox 1651 1617 2426 1672; baseline 0 -2"><span class='ocrx_word' id='word_1_175' title='bbox 1651 1617 1878 1670; x_wconf 74' lang='lat' dir='ltr'><strong>EDI&#39;I‘IO</strong></span> <span class='ocrx_word' id='word_1_176' title='bbox 1920 1617 2026 1671; x_wconf 81' lang='lat' dir='ltr'><strong>BOI</strong></span> <span class='ocrx_word' id='word_1_177' title='bbox 2040 1618 2185 1671; x_wconf 60' lang='grc' dir='ltr'><strong>ΛΑΝ</strong></span> <span class='ocrx_word' id='word_1_178' title='bbox 2199 1617 2236 1668; x_wconf 92' lang='grc'><strong>1)</strong></span> <span class='ocrx_word' id='word_1_179' title='bbox 2266 1619 2426 1672; x_wconf 69' lang='lat' dir='ltr'><strong>ANA.</strong></span> 
     </span>
    </p>
   </div>
   <div class='ocr_carea' id='block_1_29' title="bbox 404 1707 3681 1783">
    <p class='ocr_par' dir='ltr' id='par_1_29' title="bbox 404 1707 3681 1783">
     <span class='ocr_line' id='line_1_29' title="bbox 404 1707 3681 1783; baseline 0.005 -23"><span class='ocrx_word' id='word_1_180' title='bbox 404 1707 479 1776; x_wconf 88' lang='lat' dir='ltr'><strong>pi.</strong></span> <span class='ocrx_word' id='word_1_181' title='bbox 501 1708 586 1783; x_wconf 86' lang='lat' dir='ltr'><strong>B_.,</strong></span> <span class='ocrx_word' id='word_1_182' title='bbox 607 1707 787 1783; x_wconf 49' lang='lat' dir='ltr'><strong>[inmte</strong></span> <span class='ocrx_word' id='word_1_183' title='bbox 817 1709 999 1783; x_wconf 81' lang='lat' dir='ltr'><strong>Natale</strong></span> <span class='ocrx_word' id='word_1_184' title='bbox 1031 1710 1087 1764; x_wconf 93' lang='lat' dir='ltr'><strong>S.</strong></span> <span class='ocrx_word' id='word_1_185' title='bbox 1114 1719 1143 1783; x_wconf 13' lang='lat'><strong>‘7</strong></span> <span class='ocrx_word' id='word_1_186' title='bbox 1167 1709 1489 1783; x_wconf 65' lang='lat' dir='ltr'><strong>Fortunata}.</strong></span> <span class='ocrx_word' id='word_1_187' title='bbox 1517 1709 1664 1783; x_wconf 80' lang='lat' dir='ltr'><strong>A.&#39;i_‘.</strong></span> <span class='ocrx_word' id='word_1_188' title='bbox 1686 1709 1987 1783; x_wconf 68' lang='lat' dir='ltr'><strong>_L.,_l‘t_um;e</strong></span> <span class='ocrx_word' id='word_1_189' title='bbox 2022 1725 2066 1783; x_wconf 79' lang='grc' dir='ltr'><strong>Β</strong></span> <span class='ocrx_word' id='word_1_190' title='bbox 2098 1720 2273 1783; x_wconf 73' lang='lat' dir='ltr'><strong>tyrum</strong></span> <span class='ocrx_word' id='word_1_191' title='bbox 2326 1713 2778 1783; x_wconf 79' lang='lat' dir='ltr'><strong>septingentorum</strong></span> <span class='ocrx_word' id='word_1_192' title='bbox 2825 1716 3119 1780; x_wconf 73' lang='lat' dir='ltr'><strong>sexaginta.</strong></span> <span class='ocrx_word' id='word_1_193' title='bbox 3151 1717 3213 1770; x_wconf 80' lang='grc' dir='ltr'><strong>Λ.</strong></span> <span class='ocrx_word' id='word_1_194' title='bbox 3262 1716 3351 1777; x_wconf 89' lang='grc' dir='ltr'><strong>Τ..</strong></span> <span class='ocrx_word' id='word_1_195' title='bbox 3402 1718 3462 1773; x_wconf 84' lang='lat' dir='ltr'><strong>Et</strong></span> <span class='ocrx_word' id='word_1_196' title='bbox 3509 1723 3681 1776; x_wconf 77' lang='lat' dir='ltr'><strong>natale</strong></span> 
     </span>
    </p>
   </div>
   <div class='ocr_carea' id='block_1_30' title="bbox 404 1777 1984 1850">
    <p class='ocr_par' dir='ltr' id='par_1_30' title="bbox 404 1777 1984 1850">
     <span class='ocr_line' id='line_1_30' title="bbox 404 1777 1984 1850; baseline 0.004 -22"><span class='ocrx_word' id='word_1_197' title='bbox 404 1780 583 1850; x_wconf 79' lang='lat' dir='ltr'><strong>passio</strong></span> <span class='ocrx_word' id='word_1_198' title='bbox 611 1779 668 1850; x_wconf 80' lang='grc'><strong>8.</strong></span> <span class='ocrx_word' id='word_1_199' title='bbox 699 1777 899 1832; x_wconf 87' lang='lat' dir='ltr'><strong>Silvani</strong></span> <span class='ocrx_word' id='word_1_200' title='bbox 930 1782 1177 1850; x_wconf 83' lang='lat' dir='ltr'><strong>martyris</strong></span> <span class='ocrx_word' id='word_1_201' title='bbox 1200 1791 1252 1833; x_wconf 89' lang='lat' dir='ltr'><strong>et</strong></span> <span class='ocrx_word' id='word_1_202' title='bbox 1283 1781 1339 1834; x_wconf 90' lang='grc'><strong>8.</strong></span> <span class='ocrx_word' id='word_1_203' title='bbox 1368 1780 1659 1834; x_wconf 84' lang='lat' dir='ltr'><strong>Fortunati.</strong></span> <span class='ocrx_word' id='word_1_204' title='bbox 1686 1781 1738 1834; x_wconf 93' lang='lat' dir='ltr'><strong>In</strong></span> <span class='ocrx_word' id='word_1_205' title='bbox 1766 1781 1984 1835; x_wconf 79' lang='lat' dir='ltr'><strong>Colonia</strong></span> 
     </span>
    </p>
   </div>
   <div class='ocr_carea' id='block_1_31' title="bbox 402 1848 1980 1917">
    <p class='ocr_par' dir='ltr' id='par_1_31' title="bbox 402 1848 1980 1917">
     <span class='ocr_line' id='line_1_31' title="bbox 402 1848 1980 1917; baseline 0.001 -15"><span class='ocrx_word' id='word_1_206' title='bbox 402 1848 693 1916; x_wconf 82' lang='lat' dir='ltr'><strong>Agrippina</strong></span> <span class='ocrx_word' id='word_1_207' title='bbox 727 1850 904 1904; x_wconf 89' lang='lat' dir='ltr'><strong>natale</strong></span> <span class='ocrx_word' id='word_1_208' title='bbox 939 1848 1244 1904; x_wconf 81' lang='lat' dir='ltr'><strong>sanctorum</strong></span> <span class='ocrx_word' id='word_1_209' title='bbox 1277 1852 1577 1904; x_wconf 83' lang='lat' dir='ltr'><strong>Maurorum</strong></span> <span class='ocrx_word' id='word_1_210' title='bbox 1607 1851 1674 1904; x_wconf 91' lang='lat' dir='ltr'><strong>de</strong></span> <span class='ocrx_word' id='word_1_211' title='bbox 1704 1851 1980 1917; x_wconf 87' lang='lat' dir='ltr'><strong>militibus,</strong></span> 
     </span>
    </p>
   </div>
   <div class='ocr_carea' id='block_1_32' title="bbox 401 1920 1990 1989">
    <p class='ocr_par' dir='ltr' id='par_1_32' title="bbox 401 1920 1990 1989">
     <span class='ocr_line' id='line_1_32' title="bbox 401 1920 1990 1989; baseline 0.003 -18"><span class='ocrx_word' id='word_1_212' title='bbox 401 1934 522 1985; x_wconf 86' lang='lat' dir='ltr'><strong>seu,</strong></span> <span class='ocrx_word' id='word_1_213' title='bbox 540 1929 592 1972; x_wconf 91' lang='lat' dir='ltr'><strong>ut</strong></span> <span class='ocrx_word' id='word_1_214' title='bbox 618 1920 778 1989; x_wconf 88' lang='lat' dir='ltr'><strong>habet</strong></span> <span class='ocrx_word' id='word_1_215' title='bbox 806 1921 890 1984; x_wconf 89' lang='lat' dir='ltr'><strong>L.,</strong></span> <span class='ocrx_word' id='word_1_216' title='bbox 909 1921 1210 1975; x_wconf 86' lang='lat' dir='ltr'><strong>Maurorum</strong></span> <span class='ocrx_word' id='word_1_217' title='bbox 1245 1931 1535 1989; x_wconf 78' lang='lat' dir='ltr'><strong>martyrum</strong></span> <span class='ocrx_word' id='word_1_218' title='bbox 1571 1922 1990 1975; x_wconf 86' lang='lat' dir='ltr'><strong>innumerorum.</strong></span> 
     </span>
    </p>
   </div>
   <div class='ocr_carea' id='block_1_33' title="bbox 402 1988 1988 2059">
    <p class='ocr_par' dir='ltr' id='par_1_33' title="bbox 402 1988 1988 2059">
     <span class='ocr_line' id='line_1_33' title="bbox 402 1988 1988 2059; baseline 0.003 -19"><span class='ocrx_word' id='word_1_219' title='bbox 402 1989 490 2059; x_wconf 74' lang='grc' dir='ltr'><strong>Β..</strong></span> <span class='ocrx_word' id='word_1_220' title='bbox 524 1989 576 2042; x_wconf 92' lang='lat' dir='ltr'><strong>In</strong></span> <span class='ocrx_word' id='word_1_221' title='bbox 610 1988 776 2044; x_wconf 87' lang='lat' dir='ltr'><strong>Gallia</strong></span> <span class='ocrx_word' id='word_1_222' title='bbox 818 1991 1035 2044; x_wconf 81' lang='lat' dir='ltr'><strong>Colonia</strong></span> <span class='ocrx_word' id='word_1_223' title='bbox 1065 1988 1436 2059; x_wconf 78' lang='lat' dir='ltr'><strong>Agrippinensi</strong></span> <span class='ocrx_word' id='word_1_224' title='bbox 1479 1992 1652 2044; x_wconf 83' lang='lat' dir='ltr'><strong>natale</strong></span> <span class='ocrx_word' id='word_1_225' title='bbox 1682 2002 1988 2045; x_wconf 87' lang='lat' dir='ltr'><strong>sanctorum</strong></span> 
     </span>
    </p>
   </div>
   <div class='ocr_carea' id='block_1_34' title="bbox 399 2058 1984 2118">
    <p class='ocr_par' dir='ltr' id='par_1_34' title="bbox 399 2058 1984 2118">
     <span class='ocr_line' id='line_1_34' title="bbox 399 2058 1984 2118; baseline 0.001 -4"><span class='ocrx_word' id='word_1_226' title='bbox 399 2058 698 2114; x_wconf 81' lang='lat' dir='ltr'><strong>Maurorum</strong></span> <span class='ocrx_word' id='word_1_227' title='bbox 739 2060 806 2115; x_wconf 90' lang='lat' dir='ltr'><strong>de</strong></span> <span class='ocrx_word' id='word_1_228' title='bbox 833 2058 1334 2115; x_wconf 28' lang='lat' dir='ltr'><strong>militibus.’l£0dem</strong></span> <span class='ocrx_word' id='word_1_229' title='bbox 1372 2063 1456 2114; x_wconf 92' lang='lat' dir='ltr'><strong>die</strong></span> <span class='ocrx_word' id='word_1_230' title='bbox 1483 2063 1659 2115; x_wconf 87' lang='lat' dir='ltr'><strong>natale</strong></span> <span class='ocrx_word' id='word_1_231' title='bbox 1689 2059 1713 2097; x_wconf 69' lang='grc' dir='ltr'><strong>ι)</strong></span> <span class='ocrx_word' id='word_1_232' title='bbox 1748 2062 1984 2118; x_wconf 73' lang='lat' dir='ltr'><strong>Savincc.</strong></span> 
     </span>
    </p>
   </div>
   <div class='ocr_carea' id='block_1_35' title="bbox 471 2151 1668 2208">
    <p class='ocr_par' dir='ltr' id='par_1_35' title="bbox 471 2151 1668 2208">
     <span class='ocr_line' id='line_1_35' title="bbox 471 2151 1668 2208; baseline -0.003 0"><span class='ocrx_word' id='word_1_233' title='bbox 471 2151 562 2208; x_wconf 77' lang='grc'><strong>16.</strong></span> <span class='ocrx_word' id='word_1_234' title='bbox 587 2181 660 2190; x_wconf 83' lang='grc'><strong>-</strong></span> <span class='ocrx_word' id='word_1_235' title='bbox 685 2151 824 2206; x_wconf 78' lang='lat' dir='ltr'><strong>XVII</strong></span> <span class='ocrx_word' id='word_1_236' title='bbox 855 2153 987 2208; x_wconf 76' lang='grc' dir='ltr'><strong>ΚΑΙ..</strong></span> <span class='ocrx_word' id='word_1_237' title='bbox 1026 2154 1268 2208; x_wconf 64' lang='grc' dir='ltr'><strong>Νονελω.</strong></span> <span class='ocrx_word' id='word_1_238' title='bbox 1299 2153 1464 2207; x_wconf 83' lang='lat' dir='ltr'><strong>Vacat</strong></span> <span class='ocrx_word' id='word_1_239' title='bbox 1495 2153 1668 2206; x_wconf 70' lang='lat' dir='ltr'><strong>Baeda.</strong></span> 
     </span>
    </p>
   </div>
   <div class='ocr_carea' id='block_1_36' title="bbox 471 2242 1977 2311">
    <p class='ocr_par' dir='ltr' id='par_1_36' title="bbox 471 2242 1977 2311">
     <span class='ocr_line' id='line_1_36' title="bbox 471 2242 1977 2311; baseline 0.001 -15"><span class='ocrx_word' id='word_1_240' title='bbox 471 2242 537 2296; x_wconf 87' lang='lat' dir='ltr'><strong>V.</strong></span> <span class='ocrx_word' id='word_1_241' title='bbox 565 2242 651 2306; x_wconf 92' lang='lat' dir='ltr'><strong>C.,</strong></span> <span class='ocrx_word' id='word_1_242' title='bbox 678 2243 950 2311; x_wconf 86' lang='lat' dir='ltr'><strong>Depositio</strong></span> <span class='ocrx_word' id='word_1_243' title='bbox 978 2244 1034 2299; x_wconf 91' lang='lat' dir='ltr'><strong>S.</strong></span> <span class='ocrx_word' id='word_1_244' title='bbox 1071 2255 1092 2283; x_wconf 79' lang='grc' dir='ltr'><strong>ο</strong></span> <span class='ocrx_word' id='word_1_245' title='bbox 1125 2243 1256 2298; x_wconf 87' lang='lat' dir='ltr'><strong>Galli</strong></span> <span class='ocrx_word' id='word_1_246' title='bbox 1287 2245 1636 2298; x_wconf 81' lang='lat' dir='ltr'><strong>confessoris.</strong></span> <span class='ocrx_word' id='word_1_247' title='bbox 1666 2245 1729 2297; x_wconf 83' lang='lat' dir='ltr'><strong>Et</strong></span> <span class='ocrx_word' id='word_1_248' title='bbox 1752 2244 1977 2298; x_wconf 88' lang='lat' dir='ltr'><strong>aliorum</strong></span> 
     </span>
    </p>
   </div>
   <div class='ocr_carea' id='block_1_37' title="bbox 399 2313 1976 2386">
    <p class='ocr_par' dir='ltr' id='par_1_37' title="bbox 399 2313 1976 2386">
     <span class='ocr_line' id='line_1_37' title="bbox 399 2313 1976 2386; baseline 0.002 -21"><span class='ocrx_word' id='word_1_249' title='bbox 399 2314 601 2386; x_wconf 81' lang='lat' dir='ltr'><strong>pariter</strong></span> <span class='ocrx_word' id='word_1_250' title='bbox 629 2316 982 2368; x_wconf 85' lang='lat' dir='ltr'><strong>ducentorum</strong></span> <span class='ocrx_word' id='word_1_251' title='bbox 1012 2318 1351 2386; x_wconf 71' lang='lat' dir='ltr'><strong>septuaginta</strong></span> <span class='ocrx_word' id='word_1_252' title='bbox 1377 2314 1498 2385; x_wconf 82' lang='lat' dir='ltr'><strong>[C.,</strong></span> <span class='ocrx_word' id='word_1_253' title='bbox 1525 2313 1852 2386; x_wconf 79' lang='lat' dir='ltr'><strong>octoginta].</strong></span> <span class='ocrx_word' id='word_1_254' title='bbox 1886 2315 1976 2376; x_wconf 80' lang='grc'><strong>1)..</strong></span> 
     </span>
    </p>
   </div>
   <div class='ocr_carea' id='block_1_38' title="bbox 398 2385 1973 2455">
    <p class='ocr_par' dir='ltr' id='par_1_38' title="bbox 398 2385 1973 2455">
     <span class='ocr_line' id='line_1_38' title="bbox 398 2385 1973 2455; baseline 0.002 -20"><span class='ocrx_word' id='word_1_255' title='bbox 398 2385 714 2455; x_wconf 80' lang='lat' dir='ltr'><strong>Sanctorum</strong></span> <span class='ocrx_word' id='word_1_256' title='bbox 750 2397 1043 2454; x_wconf 81' lang='lat' dir='ltr'><strong>martyrum</strong></span> <span class='ocrx_word' id='word_1_257' title='bbox 1075 2385 1100 2422; x_wconf 71' lang='grc' dir='ltr'>ἀ</span> <span class='ocrx_word' id='word_1_258' title='bbox 1135 2385 1386 2439; x_wconf 84' lang='lat' dir='ltr'><strong>Marciani</strong></span> <span class='ocrx_word' id='word_1_259' title='bbox 1437 2396 1488 2440; x_wconf 91' lang='lat' dir='ltr'><strong>et</strong></span> <span class='ocrx_word' id='word_1_260' title='bbox 1536 2385 1802 2455; x_wconf 79' lang='lat' dir='ltr'><strong>Satyriani</strong></span> <span class='ocrx_word' id='word_1_261' title='bbox 1850 2401 1973 2440; x_wconf 90' lang='lat' dir='ltr'><strong>cum</strong></span> 
     </span>
    </p>
   </div>
   <div class='ocr_carea' id='block_1_39' title="bbox 398 2453 1976 2523">
    <p class='ocr_par' dir='ltr' id='par_1_39' title="bbox 398 2453 1976 2523">
     <span class='ocr_line' id='line_1_39' title="bbox 398 2453 1976 2523; baseline 0.003 -18"><span class='ocrx_word' id='word_1_262' title='bbox 398 2453 607 2509; x_wconf 88' lang='lat' dir='ltr'><strong>duobus</strong></span> <span class='ocrx_word' id='word_1_263' title='bbox 637 2453 1102 2510; x_wconf 17' lang='lat' dir='ltr'><strong>fratribusieorum</strong></span> <span class='ocrx_word' id='word_1_264' title='bbox 1135 2465 1188 2509; x_wconf 89' lang='lat' dir='ltr'><strong>et</strong></span> <span class='ocrx_word' id='word_1_265' title='bbox 1215 2457 1442 2510; x_wconf 88' lang='lat' dir='ltr'><strong>aliorum</strong></span> <span class='ocrx_word' id='word_1_266' title='bbox 1473 2453 1826 2510; x_wconf 78' lang='lat' dir='ltr'><strong>ducentorum</strong></span> <span class='ocrx_word' id='word_1_267' title='bbox 1855 2471 1976 2523; x_wconf 85' lang='lat' dir='ltr'><strong>sep-</strong></span> 
     </span>
    </p>
   </div>
   <div class='ocr_carea' id='block_1_40' title="bbox 400 2526 1977 2596">
    <p class='ocr_par' dir='ltr' id='par_1_40' title="bbox 400 2526 1977 2596">
     <span class='ocr_line' id='line_1_40' title="bbox 400 2526 1977 2596; baseline 0 -18"><span class='ocrx_word' id='word_1_268' title='bbox 400 2527 659 2594; x_wconf 78' lang='lat' dir='ltr'><strong>tuaginta.</strong></span> <span class='ocrx_word' id='word_1_269' title='bbox 689 2529 754 2579; x_wconf 81' lang='grc' dir='ltr'><strong>Α.</strong></span> <span class='ocrx_word' id='word_1_270' title='bbox 782 2526 846 2580; x_wconf 91' lang='lat' dir='ltr'><strong>&#39;l‘.</strong></span> <span class='ocrx_word' id='word_1_271' title='bbox 877 2526 964 2592; x_wconf 86' lang='lat' dir='ltr'><strong>L.,</strong></span> <span class='ocrx_word' id='word_1_272' title='bbox 997 2527 1050 2581; x_wconf 93' lang='lat' dir='ltr'><strong>In</strong></span> <span class='ocrx_word' id='word_1_273' title='bbox 1080 2528 1258 2582; x_wconf 88' lang='lat' dir='ltr'><strong>Africa</strong></span> <span class='ocrx_word' id='word_1_274' title='bbox 1290 2527 1466 2596; x_wconf 86' lang='lat' dir='ltr'><strong>passio</strong></span> <span class='ocrx_word' id='word_1_275' title='bbox 1496 2538 1802 2581; x_wconf 88' lang='lat' dir='ltr'><strong>sanctorum</strong></span> <span class='ocrx_word' id='word_1_276' title='bbox 1837 2542 1977 2578; x_wconf 88' lang='lat' dir='ltr'><strong>mar-</strong></span> 
     </span>
    </p>
   </div>
   <div class='ocr_carea' id='block_1_41' title="bbox 2093 1780 3682 1849">
    <p class='ocr_par' dir='ltr' id='par_1_41' title="bbox 2093 1780 3682 1849">
     <span class='ocr_line' id='line_1_41' title="bbox 2093 1780 3682 1849; baseline 0.009 -15"><span class='ocrx_word' id='word_1_277' title='bbox 2093 1780 2150 1834; x_wconf 94' lang='lat' dir='ltr'><strong>S.</strong></span> <span class='ocrx_word' id='word_1_278' title='bbox 2185 1782 2456 1836; x_wconf 88' lang='lat' dir='ltr'><strong>Saturnini</strong></span> <span class='ocrx_word' id='word_1_279' title='bbox 2496 1780 2546 1836; x_wconf 75' lang='lat' dir='ltr'><strong>et</strong></span> <span class='ocrx_word' id='word_1_280' title='bbox 2583 1785 2758 1838; x_wconf 83' lang='lat' dir='ltr'><strong>Nerei.</strong></span> <span class='ocrx_word' id='word_1_281' title='bbox 2806 1785 2869 1839; x_wconf 86' lang='grc' dir='ltr'><strong>Τ.</strong></span> <span class='ocrx_word' id='word_1_282' title='bbox 2897 1797 2947 1838; x_wconf 89' lang='lat' dir='ltr'><strong>ct</strong></span> <span class='ocrx_word' id='word_1_283' title='bbox 2973 1787 3054 1849; x_wconf 81' lang='grc'><strong>1...</strong></span> <span class='ocrx_word' id='word_1_284' title='bbox 3091 1789 3141 1840; x_wconf 89' lang='lat' dir='ltr'><strong>ln</strong></span> <span class='ocrx_word' id='word_1_285' title='bbox 3173 1788 3430 1842; x_wconf 86' lang='lat' dir='ltr'><strong>Noviomo</strong></span> <span class='ocrx_word' id='word_1_286' title='bbox 3471 1791 3682 1848; x_wconf 75' lang='lat' dir='ltr'><strong>civitate</strong></span> 
     </span>
    </p>
   </div>
   <div class='ocr_carea' id='block_1_42' title="bbox 2093 1851 3681 1925">
    <p class='ocr_par' dir='ltr' id='par_1_42' title="bbox 2093 1851 3681 1925">
     <span class='ocr_line' id='line_1_42' title="bbox 2093 1851 3681 1925; baseline 0.008 -22"><span class='ocrx_word' id='word_1_287' title='bbox 2093 1851 2439 1925; x_wconf 59' lang='lat' dir='ltr'><strong>tlejmsitios.</strong></span> <span class='ocrx_word' id='word_1_288' title='bbox 2465 1857 2491 1925; x_wconf 13' lang='grc' dir='ltr'><strong>γε</strong></span> <span class='ocrx_word' id='word_1_289' title='bbox 2517 1855 2841 1925; x_wconf 81' lang='lat' dir='ltr'><strong>Itlummoliui</strong></span> <span class='ocrx_word' id='word_1_290' title='bbox 2873 1858 3214 1912; x_wconf 62' lang='lat' dir='ltr'><strong>coiifessoris.</strong></span> <span class='ocrx_word' id='word_1_291' title='bbox 3243 1860 3336 1911; x_wconf 80' lang='lat' dir='ltr'><strong>Ast</strong></span> <span class='ocrx_word' id='word_1_292' title='bbox 3362 1861 3532 1925; x_wconf 86' lang='lat' dir='ltr'><strong>primo</strong></span> <span class='ocrx_word' id='word_1_293' title='bbox 3560 1861 3681 1916; x_wconf 91' lang='lat' dir='ltr'><strong>loco</strong></span> 
     </span>
    </p>
   </div>
   <div class='ocr_carea' id='block_1_43' title="bbox 2096 1920 3672 1994">
    <p class='ocr_par' dir='ltr' id='par_1_43' title="bbox 2096 1920 3672 1994">
     <span class='ocr_line' id='line_1_43' title="bbox 2096 1920 3672 1994; baseline 0.01 -21"><span class='ocrx_word' id='word_1_294' title='bbox 2096 1920 2147 1974; x_wconf 90' lang='lat' dir='ltr'><strong>in</strong></span> <span class='ocrx_word' id='word_1_295' title='bbox 2179 1921 2239 1974; x_wconf 87' lang='grc' dir='ltr'><strong>Τ.</strong></span> <span class='ocrx_word' id='word_1_296' title='bbox 2273 1940 2285 1975; x_wconf 89' lang='lat'><strong>:</strong></span> <span class='ocrx_word' id='word_1_297' title='bbox 2321 1923 2512 1994; x_wconf 79' lang='lat' dir='ltr'><strong>Natale</strong></span> <span class='ocrx_word' id='word_1_298' title='bbox 2541 1926 2599 1979; x_wconf 95' lang='grc'><strong>8.</strong></span> <span class='ocrx_word' id='word_1_299' title='bbox 2641 1924 2657 1963; x_wconf 74' lang='grc' dir='ltr'><strong>ί</strong></span> <span class='ocrx_word' id='word_1_300' title='bbox 2693 1926 2886 1980; x_wconf 80' lang='lat' dir='ltr'><strong>Juliani</strong></span> <span class='ocrx_word' id='word_1_301' title='bbox 2919 1927 3260 1981; x_wconf 73' lang='lat' dir='ltr'><strong>confessoris.</strong></span> <span class='ocrx_word' id='word_1_302' title='bbox 3297 1920 3379 1994; x_wconf 49' lang='grc' dir='ltr'><strong>Β..</strong></span> <span class='ocrx_word' id='word_1_303' title='bbox 3409 1931 3461 1983; x_wconf 89' lang='lat' dir='ltr'><strong>In</strong></span> <span class='ocrx_word' id='word_1_304' title='bbox 3497 1932 3672 1988; x_wconf 80' lang='lat' dir='ltr'><strong>Africa</strong></span> 
     </span>
    </p>
   </div>
   <div class='ocr_carea' id='block_1_44' title="bbox 2093 1993 3663 2113">
    <p class='ocr_par' dir='ltr' id='par_1_44' title="bbox 2093 1993 3663 2113">
     <span class='ocr_line' id='line_1_44' title="bbox 2093 1993 3663 2113; baseline 0.007 -68"><span class='ocrx_word' id='word_1_305' title='bbox 2093 1994 2268 2113; x_wconf 45' lang='grc' dir='ltr'><strong>μήδεο</strong></span> <span class='ocrx_word' id='word_1_306' title='bbox 2309 1993 2405 2046; x_wconf 58' lang='lat' dir='ltr'><strong>SS‘.</strong></span> <span class='ocrx_word' id='word_1_307' title='bbox 2450 1994 2654 2049; x_wconf 71' lang='lat' dir='ltr'><strong>Ceierze</strong></span> <span class='ocrx_word' id='word_1_308' title='bbox 2693 2005 2746 2049; x_wconf 89' lang='lat' dir='ltr'><strong>et</strong></span> <span class='ocrx_word' id='word_1_309' title='bbox 2785 1997 3010 2050; x_wconf 85' lang='lat' dir='ltr'><strong>aliorum</strong></span> <span class='ocrx_word' id='word_1_310' title='bbox 3059 1999 3270 2052; x_wconf 91' lang='lat' dir='ltr'><strong>ducenti</strong></span> <span class='ocrx_word' id='word_1_311' title='bbox 3305 1993 3663 2070; x_wconf 79' lang='lat' dir='ltr'><strong>septuaginta.</strong></span> 
     </span>
     <span class='ocr_line' id='line_1_45' title="bbox 2117 2062 3663 2113; baseline 0 0"><span class='ocrx_word' id='word_1_312' title='bbox 2117 2075 2156 2113; x_wconf 76' lang='lat' dir='ltr'><strong>.t</strong></span> <span class='ocrx_word' id='word_1_313' title='bbox 2185 2064 2308 2113; x_wconf 85' lang='lat' dir='ltr'><strong>alibi</strong></span> <span class='ocrx_word' id='word_1_314' title='bbox 2338 2062 2612 2113; x_wconf 86' lang='lat' dir='ltr'><strong>Saturnini</strong></span> <span class='ocrx_word' id='word_1_315' title='bbox 2639 2108 2651 2113; x_wconf 77' lang='lat'><strong>-</strong></span> <span class='ocrx_word' id='word_1_316' title='bbox 2686 2066 2864 2113; x_wconf 76' lang='lat' dir='ltr'><strong>Nerei.</strong></span> <span class='ocrx_word' id='word_1_317' title='bbox 2902 2069 2962 2113; x_wconf 56' lang='lat' dir='ltr'><strong>lit</strong></span> <span class='ocrx_word' id='word_1_318' title='bbox 2993 2069 3258 2113; x_wconf 65' lang='lat' dir='ltr'><strong>ilennsitin</strong></span> <span class='ocrx_word' id='word_1_319' title='bbox 3285 2070 3339 2113; x_wconf 69' lang='grc' dir='ltr'><strong>ς-</strong></span> <span class='ocrx_word' id='word_1_320' title='bbox 3374 2070 3509 2113; x_wconf 72' lang='lat' dir='ltr'><strong>Catii</strong></span> <span class='ocrx_word' id='word_1_321' title='bbox 3541 2087 3663 2113; x_wconf 82' lang='lat' dir='ltr'><strong>mn.</strong></span> 
     </span>
    </p>
   </div>
   <div class='ocr_carea' id='block_1_45' title="bbox 2117 2062 3673 2134">
    <p class='ocr_par' dir='ltr' id='par_1_45' title="bbox 2117 2062 3673 2134">
     <span class='ocr_line' id='line_1_46' title="bbox 2117 2062 3673 2134; baseline 0.006 -20"><span class='ocrx_word' id='word_1_322' title='bbox 2117 2063 2156 2114; x_wconf 72' lang='lat' dir='ltr'><strong>Et</strong></span> <span class='ocrx_word' id='word_1_323' title='bbox 2185 2064 2308 2116; x_wconf 89' lang='lat' dir='ltr'><strong>alibi</strong></span> <span class='ocrx_word' id='word_1_324' title='bbox 2338 2062 2612 2118; x_wconf 88' lang='lat' dir='ltr'><strong>Saturnini</strong></span> <span class='ocrx_word' id='word_1_325' title='bbox 2639 2108 2652 2128; x_wconf 89' lang='lat'><strong>,</strong></span> <span class='ocrx_word' id='word_1_326' title='bbox 2685 2066 2864 2120; x_wconf 79' lang='lat' dir='ltr'><strong>Nerei.</strong></span> <span class='ocrx_word' id='word_1_327' title='bbox 2902 2069 2962 2119; x_wconf 62' lang='lat' dir='ltr'><strong>lit</strong></span> <span class='ocrx_word' id='word_1_328' title='bbox 2993 2069 3258 2134; x_wconf 79' lang='lat' dir='ltr'><strong>depositio</strong></span> <span class='ocrx_word' id='word_1_329' title='bbox 3285 2070 3340 2124; x_wconf 93' lang='grc'><strong>8.</strong></span> <span class='ocrx_word' id='word_1_330' title='bbox 3369 2062 3673 2125; x_wconf 73' lang='lat' dir='ltr'><strong>Gallican-</strong></span> 
     </span>
    </p>
   </div>
   <div class='ocr_carea' id='block_1_46' title="bbox 2091 2133 3672 2197">
    <p class='ocr_par' dir='ltr' id='par_1_46' title="bbox 2091 2133 3672 2197">
     <span class='ocr_line' id='line_1_47' title="bbox 2091 2133 3672 2197; baseline 0.007 -13"><span class='ocrx_word' id='word_1_331' title='bbox 2091 2133 2347 2197; x_wconf 89' lang='lat' dir='ltr'><strong>fessoris,</strong></span> <span class='ocrx_word' id='word_1_332' title='bbox 2401 2135 2601 2190; x_wconf 86' lang='lat' dir='ltr'><strong>Berarii</strong></span> <span class='ocrx_word' id='word_1_333' title='bbox 2649 2137 2994 2190; x_wconf 71' lang='lat' dir='ltr'><strong>confessoris.</strong></span> <span class='ocrx_word' id='word_1_334' title='bbox 3048 2133 3100 2190; x_wconf 91' lang='lat' dir='ltr'><strong>ln</strong></span> <span class='ocrx_word' id='word_1_335' title='bbox 3144 2138 3448 2192; x_wconf 86' lang='lat' dir='ltr'><strong>Nicomedia</strong></span> <span class='ocrx_word' id='word_1_336' title='bbox 3497 2145 3672 2197; x_wconf 83' lang='lat' dir='ltr'><strong>natale</strong></span> 
     </span>
    </p>
   </div>
   <div class='ocr_carea' id='block_1_47' title="bbox 2087 2203 3491 2276">
    <p class='ocr_par' dir='ltr' id='par_1_47' title="bbox 2087 2203 3491 2276">
     <span class='ocr_line' id='line_1_48' title="bbox 2087 2203 3491 2276; baseline 0.005 -19"><span class='ocrx_word' id='word_1_337' title='bbox 2087 2204 2183 2258; x_wconf 82' lang='lat' dir='ltr'><strong>SS.</strong></span> <span class='ocrx_word' id='word_1_338' title='bbox 2217 2211 2241 2248; x_wconf 78' lang='grc'><strong>8</strong></span> <span class='ocrx_word' id='word_1_339' title='bbox 2272 2203 2594 2272; x_wconf 79' lang='lat' dir='ltr'><strong>Alexandri,</strong></span> <span class='ocrx_word' id='word_1_340' title='bbox 2633 2206 2870 2262; x_wconf 86' lang='lat' dir='ltr'><strong>Victorii.</strong></span> <span class='ocrx_word' id='word_1_341' title='bbox 2906 2208 2970 2261; x_wconf 88' lang='lat' dir='ltr'><strong>Et</strong></span> <span class='ocrx_word' id='word_1_342' title='bbox 3002 2208 3180 2276; x_wconf 85' lang='lat' dir='ltr'><strong>passio</strong></span> <span class='ocrx_word' id='word_1_343' title='bbox 3212 2206 3240 2245; x_wconf 80' lang='grc'>¹¹¹</span> <span class='ocrx_word' id='word_1_344' title='bbox 3268 2210 3491 2266; x_wconf 76' lang='lat' dir='ltr'><strong>Silvani.</strong></span> 
     </span>
    </p>
   </div>
   <div class='ocr_carea' id='block_1_48' title="bbox 2166 2295 3072 2354">
    <p class='ocr_par' dir='ltr' id='par_1_48' title="bbox 2166 2295 3072 2354">
     <span class='ocr_line' id='line_1_49' title="bbox 2166 2295 3072 2354; baseline 0.006 -6"><span class='ocrx_word' id='word_1_345' title='bbox 2166 2295 2250 2348; x_wconf 84' lang='lat' dir='ltr'><strong>l7.</strong></span> <span class='ocrx_word' id='word_1_346' title='bbox 2280 2327 2352 2337; x_wconf 89' lang='lat'><strong><em>—</em></strong></span> <span class='ocrx_word' id='word_1_347' title='bbox 2379 2296 2498 2352; x_wconf 81' lang='lat' dir='ltr'><strong>XVI</strong></span> <span class='ocrx_word' id='word_1_348' title='bbox 2529 2297 2665 2352; x_wconf 73' lang='lat' dir='ltr'><strong>KxL.</strong></span> <span class='ocrx_word' id='word_1_349' title='bbox 2701 2299 2865 2354; x_wconf 78' lang='lat' dir='ltr'><strong>Vacat</strong></span> <span class='ocrx_word' id='word_1_350' title='bbox 2894 2300 3072 2354; x_wconf 67' lang='lat' dir='ltr'><strong>Baeda.</strong></span> 
     </span>
    </p>
   </div>
   <div class='ocr_carea' id='block_1_49' title="bbox 2162 2386 3665 2457">
    <p class='ocr_par' dir='ltr' id='par_1_49' title="bbox 2162 2386 3665 2457">
     <span class='ocr_line' id='line_1_50' title="bbox 2162 2386 3665 2457; baseline 0.004 -17"><span class='ocrx_word' id='word_1_351' title='bbox 2162 2387 2224 2441; x_wconf 88' lang='lat' dir='ltr'><strong>C.</strong></span> <span class='ocrx_word' id='word_1_352' title='bbox 2257 2386 2346 2450; x_wconf 85' lang='lat' dir='ltr'><strong>V.,</strong></span> <span class='ocrx_word' id='word_1_353' title='bbox 2382 2389 2435 2442; x_wconf 86' lang='lat' dir='ltr'><strong>ln</strong></span> <span class='ocrx_word' id='word_1_354' title='bbox 2477 2389 2784 2443; x_wconf 75' lang='lat' dir='ltr'><strong>Nicomedia</strong></span> <span class='ocrx_word' id='word_1_355' title='bbox 2827 2389 3134 2444; x_wconf 79' lang='lat' dir='ltr'><strong>Alexandri.</strong></span> <span class='ocrx_word' id='word_1_356' title='bbox 3183 2390 3316 2443; x_wconf 77' lang='lat' dir='ltr'><strong>Alibi</strong></span> <span class='ocrx_word' id='word_1_357' title='bbox 3361 2392 3665 2457; x_wconf 83' lang='lat' dir='ltr'><strong>Mauriani;</strong></span> 
     </span>
    </p>
   </div>
   <div class='ocr_carea' id='block_1_50' title="bbox 2083 2456 3668 2533">
    <p class='ocr_par' dir='ltr' id='par_1_50' title="bbox 2083 2456 3668 2533">
     <span class='ocr_line' id='line_1_51' title="bbox 2083 2456 3668 2533; baseline 0.003 -24"><span class='ocrx_word' id='word_1_358' title='bbox 2083 2456 2469 2533; x_wconf 60' lang='lat' dir='ltr'><strong>Crescentiaui.</strong></span> <span class='ocrx_word' id='word_1_359' title='bbox 2495 2460 2680 2533; x_wconf 82' lang='lat' dir='ltr'><strong>Turini</strong></span> <span class='ocrx_word' id='word_1_360' title='bbox 2709 2460 2816 2530; x_wconf 80' lang='lat' dir='ltr'><strong>[C.,</strong></span> <span class='ocrx_word' id='word_1_361' title='bbox 2837 2461 3159 2533; x_wconf 79' lang='lat' dir='ltr'><strong>Crescentii,</strong></span> <span class='ocrx_word' id='word_1_362' title='bbox 3190 2461 3499 2533; x_wconf 81' lang='lat' dir='ltr'><strong>Ruftiniani]</strong></span> <span class='ocrx_word' id='word_1_363' title='bbox 3521 2505 3534 2525; x_wconf 82' lang='lat'><em>.</em></span> <span class='ocrx_word' id='word_1_364' title='bbox 3565 2456 3668 2516; x_wconf 57' lang='lat' dir='ltr'><strong>Do;</strong></span> 
     </span>
    </p>
   </div>
   <div class='ocr_carea' id='block_1_51' title="bbox 2088 2528 3665 2602">
    <p class='ocr_par' dir='ltr' id='par_1_51' title="bbox 2088 2528 3665 2602">
     <span class='ocr_line' id='line_1_52' title="bbox 2088 2528 3665 2602; baseline 0.005 -24"><span class='ocrx_word' id='word_1_365' title='bbox 2088 2529 2218 2578; x_wconf 87' lang='lat' dir='ltr'><strong>nati.</strong></span> <span class='ocrx_word' id='word_1_366' title='bbox 2264 2528 2365 2588; x_wconf 78' lang='lat'><strong>0..</strong></span> <span class='ocrx_word' id='word_1_367' title='bbox 2409 2529 2630 2584; x_wconf 78' lang='lat' dir='ltr'><strong>Martha:</strong></span> <span class='ocrx_word' id='word_1_368' title='bbox 2679 2528 2879 2585; x_wconf 71' lang='lat' dir='ltr'><strong>seret-is</strong></span> <span class='ocrx_word' id='word_1_369' title='bbox 2921 2532 3100 2585; x_wconf 83' lang='lat' dir='ltr'><strong>Lazari</strong></span> <span class='ocrx_word' id='word_1_370' title='bbox 3131 2543 3184 2587; x_wconf 87' lang='lat' dir='ltr'><strong>et</strong></span> <span class='ocrx_word' id='word_1_371' title='bbox 3216 2528 3533 2601; x_wconf 70' lang='lat' dir='ltr'><strong>Aristionis,</strong></span> <span class='ocrx_word' id='word_1_372' title='bbox 3575 2533 3665 2602; x_wconf 88' lang='lat' dir='ltr'><strong>qui</strong></span> 
     </span>
    </p>
   </div>
   <div class='ocr_carea' id='block_1_52' title="bbox 1796 2613 2269 2671">
    <p class='ocr_par' dir='ltr' id='par_1_52' title="bbox 1796 2613 2269 2671">
     <span class='ocr_line' id='line_1_53' title="bbox 1796 2613 2269 2671; baseline 0 -2"><span class='ocrx_word' id='word_1_373' title='bbox 1796 2613 2002 2670; x_wconf 78' lang='lat' dir='ltr'><strong>SMITll</strong></span> <span class='ocrx_word' id='word_1_374' title='bbox 2043 2614 2269 2671; x_wconf 68' lang='lat' dir='ltr'><strong>NOTAE.</strong></span> 
     </span>
    </p>
   </div>
   <div class='ocr_carea' id='block_1_53' title="bbox 397 2703 1968 2777">
    <p class='ocr_par' dir='ltr' id='par_1_53' title="bbox 397 2703 1968 2777">
     <span class='ocr_line' id='line_1_54' title="bbox 397 2703 1968 2777; baseline 0.003 -19"><span class='ocrx_word' id='word_1_375' title='bbox 397 2712 479 2758; x_wconf 88' lang='lat' dir='ltr'><strong>est</strong></span> <span class='ocrx_word' id='word_1_376' title='bbox 525 2703 642 2758; x_wconf 90' lang='lat' dir='ltr'><strong>dies</strong></span> <span class='ocrx_word' id='word_1_377' title='bbox 683 2705 1046 2777; x_wconf 78' lang='lat' dir='ltr'><strong>translationis</strong></span> <span class='ocrx_word' id='word_1_378' title='bbox 1091 2707 1208 2776; x_wconf 86' lang='lat' dir='ltr'><strong>ejus</strong></span> <span class='ocrx_word' id='word_1_379' title='bbox 1252 2722 1315 2761; x_wconf 88' lang='lat' dir='ltr'><strong>ex</strong></span> <span class='ocrx_word' id='word_1_380' title='bbox 1367 2705 1598 2777; x_wconf 61' lang='lat' dir='ltr'><strong>Egypto</strong></span> <span class='ocrx_word' id='word_1_381' title='bbox 1645 2707 1710 2761; x_wconf 90' lang='lat' dir='ltr'><strong>ad</strong></span> <span class='ocrx_word' id='word_1_382' title='bbox 1760 2707 1968 2776; x_wconf 81' lang='lat' dir='ltr'><strong>Lugdu-</strong></span> 
     </span>
    </p>
   </div>
   <div class='ocr_carea' id='block_1_54' title="bbox 397 2775 1930 2847">
    <p class='ocr_par' dir='ltr' id='par_1_54' title="bbox 397 2775 1930 2847">
     <span class='ocr_line' id='line_1_55' title="bbox 397 2775 1930 2847; baseline 0.004 -21"><span class='ocrx_word' id='word_1_383' title='bbox 397 2789 524 2826; x_wconf 89' lang='lat' dir='ltr'><strong>num</strong></span> <span class='ocrx_word' id='word_1_384' title='bbox 538 2792 573 2847; x_wconf 82' lang='lat'><strong>_;</strong></span> <span class='ocrx_word' id='word_1_385' title='bbox 599 2790 717 2829; x_wconf 89' lang='lat' dir='ltr'><strong>eam</strong></span> <span class='ocrx_word' id='word_1_386' title='bbox 751 2775 1006 2847; x_wconf 72' lang='lat' dir='ltr'><strong>veroalia</strong></span> <span class='ocrx_word' id='word_1_387' title='bbox 1036 2775 1409 2847; x_wconf 82' lang='lat' dir='ltr'><strong>Martyrologia</strong></span> <span class='ocrx_word' id='word_1_388' title='bbox 1441 2775 1608 2843; x_wconf 77' lang='lat' dir='ltr'><strong>pridie</strong></span> <span class='ocrx_word' id='word_1_389' title='bbox 1637 2775 1930 2832; x_wconf 82' lang='lat' dir='ltr'><strong>celebrant.</strong></span> 
     </span>
    </p>
   </div>
   <div class='ocr_carea' id='block_1_55' title="bbox 469 2844 1963 2916">
    <p class='ocr_par' dir='ltr' id='par_1_55' title="bbox 469 2844 1963 2916">
     <span class='ocr_line' id='line_1_56' title="bbox 469 2844 1963 2916; baseline 0.003 -19"><span class='ocrx_word' id='word_1_390' title='bbox 469 2855 492 2880; x_wconf 72' lang='grc'><strong><em>⁸</em></strong></span> <span class='ocrx_word' id='word_1_391' title='bbox 525 2844 858 2900; x_wconf 65' lang='lat' dir='ltr'><strong>Fortunatae.</strong></span> <span class='ocrx_word' id='word_1_392' title='bbox 895 2846 988 2899; x_wconf 88' lang='lat' dir='ltr'><strong>Via</strong></span> <span class='ocrx_word' id='word_1_393' title='bbox 1021 2844 1234 2901; x_wconf 82' lang='lat' dir='ltr'><strong>Aurelia</strong></span> <span class='ocrx_word' id='word_1_394' title='bbox 1267 2849 1318 2900; x_wconf 88' lang='lat' dir='ltr'><strong>in</strong></span> <span class='ocrx_word' id='word_1_395' title='bbox 1347 2850 1658 2902; x_wconf 81' lang='lat' dir='ltr'><strong>ctetneterio</strong></span> <span class='ocrx_word' id='word_1_396' title='bbox 1701 2849 1963 2916; x_wconf 82' lang='lat' dir='ltr'><strong>ejusdem.</strong></span> 
     </span>
    </p>
   </div>
   <div class='ocr_carea' id='block_1_56' title="bbox 395 2913 927 2986">
    <p class='ocr_par' dir='ltr' id='par_1_56' title="bbox 395 2913 927 2986">
     <span class='ocr_line' id='line_1_57' title="bbox 395 2913 927 2986; baseline 0.002 -18"><span class='ocrx_word' id='word_1_397' title='bbox 395 2913 438 2968; x_wconf 85' lang='grc'><strong>11</strong></span> <span class='ocrx_word' id='word_1_398' title='bbox 446 2917 614 2986; x_wconf 73' lang='lat' dir='ltr'><strong>ierou.</strong></span> <span class='ocrx_word' id='word_1_399' title='bbox 652 2916 818 2986; x_wconf 81' lang='lat' dir='ltr'><strong>Marty</strong></span> <span class='ocrx_word' id='word_1_400' title='bbox 828 2918 927 2969; x_wconf 88' lang='lat' dir='ltr'><strong>rol.</strong></span> 
     </span>
    </p>
   </div>
   <div class='ocr_carea' id='block_1_57' title="bbox 468 2984 1981 3058">
    <p class='ocr_par' dir='ltr' id='par_1_57' title="bbox 468 2984 1981 3058">
     <span class='ocr_line' id='line_1_58' title="bbox 468 2984 1981 3058; baseline 0.003 -19"><span class='ocrx_word' id='word_1_401' title='bbox 468 2984 760 3058; x_wconf 15' lang='grc' dir='ltr'><strong>δίδᾳυὶηᾳξ.</strong></span> <span class='ocrx_word' id='word_1_402' title='bbox 791 2984 1011 3041; x_wconf 69' lang='grc' dir='ltr'><strong>Ῥοτεςιη</strong></span> <span class='ocrx_word' id='word_1_403' title='bbox 1063 2987 1248 3058; x_wconf 87' lang='lat' dir='ltr'><strong>Sabini</strong></span> <span class='ocrx_word' id='word_1_404' title='bbox 1297 2987 1578 3058; x_wconf 79' lang='lat' dir='ltr'><strong>episcopi.</strong></span> <span class='ocrx_word' id='word_1_405' title='bbox 1631 2988 1720 3057; x_wconf 92' lang='lat' dir='ltr'><strong>qui</strong></span> <span class='ocrx_word' id='word_1_406' title='bbox 1773 2989 1981 3058; x_wconf 63' lang='lat' dir='ltr'><strong>praefuit</strong></span> 
     </span>
    </p>
   </div>
   <div class='ocr_carea' id='block_1_58' title="bbox 396 3054 1671 3122">
    <p class='ocr_par' dir='ltr' id='par_1_58' title="bbox 396 3054 1671 3122">
     <span class='ocr_line' id='line_1_59' title="bbox 396 3054 1671 3122; baseline 0.001 -12"><span class='ocrx_word' id='word_1_407' title='bbox 396 3054 659 3110; x_wconf 65' lang='lat' dir='ltr'><strong>Ecclesia:</strong></span> <span class='ocrx_word' id='word_1_408' title='bbox 686 3056 969 3111; x_wconf 90' lang='lat' dir='ltr'><strong>Catanensi</strong></span> <span class='ocrx_word' id='word_1_409' title='bbox 1002 3058 1101 3110; x_wconf 88' lang='lat' dir='ltr'><strong>sub</strong></span> <span class='ocrx_word' id='word_1_410' title='bbox 1129 3054 1407 3110; x_wconf 87' lang='lat' dir='ltr'><strong>Constant.</strong></span> <span class='ocrx_word' id='word_1_411' title='bbox 1441 3054 1671 3122; x_wconf 61' lang='lat' dir='ltr'><strong>Goprou.</strong></span> 
     </span>
    </p>
   </div>
   <div class='ocr_carea' id='block_1_59' title="bbox 471 3127 1978 3197">
    <p class='ocr_par' dir='ltr' id='par_1_59' title="bbox 471 3127 1978 3197">
     <span class='ocr_line' id='line_1_60' title="bbox 471 3127 1978 3197; baseline 0.002 -16"><span class='ocrx_word' id='word_1_412' title='bbox 471 3138 494 3166; x_wconf 75' lang='grc' dir='ltr'><strong>ε</strong></span> <span class='ocrx_word' id='word_1_413' title='bbox 529 3127 692 3182; x_wconf 84' lang='lat' dir='ltr'><strong>Galli.</strong></span> <span class='ocrx_word' id='word_1_414' title='bbox 727 3127 833 3194; x_wconf 84' lang='lat' dir='ltr'><strong>Qui</strong></span> <span class='ocrx_word' id='word_1_415' title='bbox 862 3143 926 3182; x_wconf 88' lang='lat' dir='ltr'><strong>ex</strong></span> <span class='ocrx_word' id='word_1_416' title='bbox 966 3127 1216 3181; x_wconf 85' lang='lat' dir='ltr'><strong>Hibernia</strong></span> <span class='ocrx_word' id='word_1_417' title='bbox 1262 3131 1311 3180; x_wconf 91' lang='lat' dir='ltr'><strong>in</strong></span> <span class='ocrx_word' id='word_1_418' title='bbox 1361 3128 1588 3182; x_wconf 87' lang='lat' dir='ltr'><strong>Galliam</strong></span> <span class='ocrx_word' id='word_1_419' title='bbox 1631 3131 1809 3197; x_wconf 82' lang='lat' dir='ltr'><strong>venit,</strong></span> <span class='ocrx_word' id='word_1_420' title='bbox 1844 3141 1897 3184; x_wconf 86' lang='lat' dir='ltr'><strong>et</strong></span> <span class='ocrx_word' id='word_1_421' title='bbox 1927 3130 1978 3184; x_wconf 92' lang='lat' dir='ltr'><strong>in</strong></span> 
     </span>
    </p>
   </div>
   <div class='ocr_carea' id='block_1_60' title="bbox 397 3197 1981 3268">
    <p class='ocr_par' dir='ltr' id='par_1_60' title="bbox 397 3197 1981 3268">
     <span class='ocr_line' id='line_1_61' title="bbox 397 3197 1981 3268; baseline 0.003 -17"><span class='ocrx_word' id='word_1_422' title='bbox 397 3197 768 3268; x_wconf 79' lang='lat' dir='ltr'><strong>Alemanniam</strong></span> <span class='ocrx_word' id='word_1_423' title='bbox 805 3209 987 3268; x_wconf 87' lang='lat' dir='ltr'><strong>postea</strong></span> <span class='ocrx_word' id='word_1_424' title='bbox 1011 3213 1131 3252; x_wconf 92' lang='lat' dir='ltr'><strong>cum</strong></span> <span class='ocrx_word' id='word_1_425' title='bbox 1159 3197 1491 3252; x_wconf 87' lang='lat' dir='ltr'><strong>Columbano</strong></span> <span class='ocrx_word' id='word_1_426' title='bbox 1510 3214 1570 3252; x_wconf 88' lang='lat' dir='ltr'><strong>se</strong></span> <span class='ocrx_word' id='word_1_427' title='bbox 1599 3202 1802 3268; x_wconf 78' lang='lat' dir='ltr'><strong>recepit</strong></span> <span class='ocrx_word' id='word_1_428' title='bbox 1828 3221 1839 3254; x_wconf 94' lang='lat'>:</span> <span class='ocrx_word' id='word_1_429' title='bbox 1869 3203 1981 3255; x_wconf 83' lang='lat' dir='ltr'><strong>Bri-</strong></span> 
     </span>
    </p>
   </div>
   <div class='ocr_carea' id='block_1_61' title="bbox 396 3265 1981 3335">
    <p class='ocr_par' dir='ltr' id='par_1_61' title="bbox 396 3265 1981 3335">
     <span class='ocr_line' id='line_1_62' title="bbox 396 3265 1981 3335; baseline 0.001 -15"><span class='ocrx_word' id='word_1_430' title='bbox 396 3265 562 3334; x_wconf 75' lang='lat' dir='ltr'><strong>gantii</strong></span> <span class='ocrx_word' id='word_1_431' title='bbox 591 3265 875 3332; x_wconf 82' lang='lat' dir='ltr'><strong>consedit,</strong></span> <span class='ocrx_word' id='word_1_432' title='bbox 905 3270 1309 3335; x_wconf 86' lang='lat' dir='ltr'><strong>orateriumque</strong></span> <span class='ocrx_word' id='word_1_433' title='bbox 1354 3268 1423 3322; x_wconf 89' lang='lat' dir='ltr'><strong>ibi</strong></span> <span class='ocrx_word' id='word_1_434' title='bbox 1473 3265 1836 3326; x_wconf 71' lang='lat' dir='ltr'><strong>restauravit:</strong></span> <span class='ocrx_word' id='word_1_435' title='bbox 1880 3271 1981 3324; x_wconf 81' lang='lat' dir='ltr'><strong>Co-</strong></span> 
     </span>
    </p>
   </div>
   <div class='ocr_carea' id='block_1_62' title="bbox 395 3338 1974 3405">
    <p class='ocr_par' dir='ltr' id='par_1_62' title="bbox 395 3338 1974 3405">
     <span class='ocr_line' id='line_1_63' title="bbox 395 3338 1974 3405; baseline 0.002 -15"><span class='ocrx_word' id='word_1_436' title='bbox 395 3338 705 3391; x_wconf 87' lang='lat' dir='ltr'><strong>lumbanum</strong></span> <span class='ocrx_word' id='word_1_437' title='bbox 741 3338 982 3392; x_wconf 84' lang='lat' dir='ltr'><strong>inﬁrmus</strong></span> <span class='ocrx_word' id='word_1_438' title='bbox 1027 3341 1077 3391; x_wconf 90' lang='lat' dir='ltr'><strong>in</strong></span> <span class='ocrx_word' id='word_1_439' title='bbox 1123 3339 1320 3392; x_wconf 86' lang='lat' dir='ltr'><strong>Italiam</strong></span> <span class='ocrx_word' id='word_1_440' title='bbox 1363 3340 1607 3392; x_wconf 89' lang='lat' dir='ltr'><strong>comitari</strong></span> <span class='ocrx_word' id='word_1_441' title='bbox 1640 3355 1742 3394; x_wconf 91' lang='lat' dir='ltr'><strong>non</strong></span> <span class='ocrx_word' id='word_1_442' title='bbox 1779 3342 1974 3405; x_wconf 88' lang='lat' dir='ltr'><strong>valuit,</strong></span> 
     </span>
    </p>
   </div>
   <div class='ocr_carea' id='block_1_63' title="bbox 393 3406 1972 3476">
    <p class='ocr_par' dir='ltr' id='par_1_63' title="bbox 393 3406 1972 3476">
     <span class='ocr_line' id='line_1_64' title="bbox 393 3406 1972 3476; baseline 0.004 -16"><span class='ocrx_word' id='word_1_443' title='bbox 393 3408 688 3462; x_wconf 88' lang='lat' dir='ltr'><strong>solitarium</strong></span> <span class='ocrx_word' id='word_1_444' title='bbox 715 3408 886 3463; x_wconf 83' lang='lat' dir='ltr'><strong>locum</strong></span> <span class='ocrx_word' id='word_1_445' title='bbox 912 3409 1092 3476; x_wconf 83' lang='lat' dir='ltr'><strong>petiit.</strong></span> <span class='ocrx_word' id='word_1_446' title='bbox 1119 3409 1484 3476; x_wconf 80' lang='lat' dir='ltr'><strong>episcopatum</strong></span> <span class='ocrx_word' id='word_1_447' title='bbox 1509 3406 1972 3467; x_wconf 84' lang='lat' dir='ltr'><strong>Constantiensem</strong></span> 
     </span>
    </p>
   </div>
   <div class='ocr_carea' id='block_1_64' title="bbox 395 3477 1972 3542">
    <p class='ocr_par' dir='ltr' id='par_1_64' title="bbox 395 3477 1972 3542">
     <span class='ocr_line' id='line_1_65' title="bbox 395 3477 1972 3542; baseline 0.002 -10"><span class='ocrx_word' id='word_1_448' title='bbox 395 3477 676 3532; x_wconf 88' lang='lat' dir='ltr'><strong>humiliter</strong></span> <span class='ocrx_word' id='word_1_449' title='bbox 725 3480 1024 3542; x_wconf 57' lang='lat' dir='ltr'><strong>recusavit,</strong></span> <span class='ocrx_word' id='word_1_450' title='bbox 1071 3477 1389 3532; x_wconf 88' lang='lat' dir='ltr'><strong>Columbani</strong></span> <span class='ocrx_word' id='word_1_451' title='bbox 1443 3478 1722 3532; x_wconf 87' lang='lat' dir='ltr'><strong>transitum</strong></span> <span class='ocrx_word' id='word_1_452' title='bbox 1778 3484 1972 3536; x_wconf 87' lang='lat' dir='ltr'><strong>absens</strong></span> 
     </span>
    </p>
   </div>
   <div class='ocr_carea' id='block_1_65' title="bbox 395 3548 1967 3618">
    <p class='ocr_par' dir='ltr' id='par_1_65' title="bbox 395 3548 1967 3618">
     <span class='ocr_line' id='line_1_66' title="bbox 395 3548 1967 3618; baseline 0.004 -20"><span class='ocrx_word' id='word_1_453' title='bbox 395 3548 562 3612; x_wconf 84' lang='lat' dir='ltr'><strong>vidit,</strong></span> <span class='ocrx_word' id='word_1_454' title='bbox 601 3549 816 3603; x_wconf 87' lang='lat' dir='ltr'><strong>Luxovii</strong></span> <span class='ocrx_word' id='word_1_455' title='bbox 867 3550 1033 3602; x_wconf 88' lang='lat' dir='ltr'><strong>abbas</strong></span> <span class='ocrx_word' id='word_1_456' title='bbox 1073 3564 1194 3603; x_wconf 88' lang='lat' dir='ltr'><strong>esse</strong></span> <span class='ocrx_word' id='word_1_457' title='bbox 1234 3549 1476 3618; x_wconf 77' lang='lat' dir='ltr'><strong>negavit,</strong></span> <span class='ocrx_word' id='word_1_458' title='bbox 1519 3550 1658 3618; x_wconf 87' lang='lat' dir='ltr'><strong>apud</strong></span> <span class='ocrx_word' id='word_1_459' title='bbox 1699 3551 1967 3606; x_wconf 83' lang='lat' dir='ltr'><strong>Arbonam</strong></span> 
     </span>
    </p>
   </div>
   <div class='ocr_carea' id='block_1_66' title="bbox 392 3619 1965 3686">
    <p class='ocr_par' dir='ltr' id='par_1_66' title="bbox 392 3619 1965 3686">
     <span class='ocr_line' id='line_1_67' title="bbox 392 3619 1965 3686; baseline 0.004 -16"><span class='ocrx_word' id='word_1_460' title='bbox 392 3620 528 3671; x_wconf 92' lang='lat' dir='ltr'><strong>obiit</strong></span> <span class='ocrx_word' id='word_1_461' title='bbox 553 3619 692 3672; x_wconf 80' lang='lat' dir='ltr'><strong>circa</strong></span> <span class='ocrx_word' id='word_1_462' title='bbox 724 3636 810 3672; x_wconf 90' lang='lat' dir='ltr'><strong>an.</strong></span> <span class='ocrx_word' id='word_1_463' title='bbox 843 3619 980 3681; x_wconf 74' lang='grc'><strong>646,</strong></span> <span class='ocrx_word' id='word_1_464' title='bbox 1028 3622 1387 3686; x_wconf 74' lang='lat' dir='ltr'><strong>nonagenario</strong></span> <span class='ocrx_word' id='word_1_465' title='bbox 1434 3619 1622 3686; x_wconf 89' lang='lat' dir='ltr'><strong>major.</strong></span> <span class='ocrx_word' id='word_1_466' title='bbox 1667 3619 1965 3676; x_wconf 85' lang='lat' dir='ltr'><strong>Notandum</strong></span> 
     </span>
    </p>
   </div>
   <div class='ocr_carea' id='block_1_67' title="bbox 395 3689 2012 3760">
    <p class='ocr_par' dir='ltr' id='par_1_67' title="bbox 395 3689 2012 3760">
     <span class='ocr_line' id='line_1_68' title="bbox 395 3689 2012 3760; baseline 0.001 -18"><span class='ocrx_word' id='word_1_467' title='bbox 395 3700 482 3742; x_wconf 88' lang='lat' dir='ltr'><strong>est</strong></span> <span class='ocrx_word' id='word_1_468' title='bbox 512 3689 571 3743; x_wconf 93' lang='grc'><strong>8.</strong></span> <span class='ocrx_word' id='word_1_469' title='bbox 607 3689 814 3743; x_wconf 91' lang='lat' dir='ltr'><strong>Gallum</strong></span> <span class='ocrx_word' id='word_1_470' title='bbox 845 3690 897 3743; x_wconf 90' lang='lat' dir='ltr'><strong>in</strong></span> <span class='ocrx_word' id='word_1_471' title='bbox 928 3691 1152 3760; x_wconf 83' lang='lat' dir='ltr'><strong>sinceris</strong></span> <span class='ocrx_word' id='word_1_472' title='bbox 1184 3689 1409 3745; x_wconf 84' lang='lat' dir='ltr'><strong>Usuardi</strong></span> <span class='ocrx_word' id='word_1_473' title='bbox 1439 3700 1492 3743; x_wconf 89' lang='lat' dir='ltr'><strong>et</strong></span> <span class='ocrx_word' id='word_1_474' title='bbox 1523 3689 1726 3760; x_wconf 84' lang='lat' dir='ltr'><strong>Adonis</strong></span> <span class='ocrx_word' id='word_1_475' title='bbox 1772 3693 1966 3760; x_wconf 82' lang='lat' dir='ltr'><strong>illarty-</strong></span> <span class='ocrx_word' id='word_1_476' title='bbox 2000 3707 2012 3721; x_wconf 66' lang='grc' dir='ltr'>ι</span> 
     </span>
    </p>
   </div>
   <div class='ocr_carea' id='block_1_68' title="bbox 391 3759 1960 3827">
    <p class='ocr_par' dir='ltr' id='par_1_68' title="bbox 391 3759 1960 3827">
     <span class='ocr_line' id='line_1_69' title="bbox 391 3759 1960 3827; baseline 0 -15"><span class='ocrx_word' id='word_1_477' title='bbox 391 3760 651 3827; x_wconf 77' lang='lat' dir='ltr'><strong>rologiis,</strong></span> <span class='ocrx_word' id='word_1_478' title='bbox 685 3776 792 3814; x_wconf 91' lang='lat' dir='ltr'><strong>non</strong></span> <span class='ocrx_word' id='word_1_479' title='bbox 826 3775 938 3812; x_wconf 74' lang='lat' dir='ltr'><strong>xvu</strong></span> <span class='ocrx_word' id='word_1_480' title='bbox 973 3759 1089 3818; x_wconf 79' lang='lat' dir='ltr'><strong>Kal.</strong></span> <span class='ocrx_word' id='word_1_481' title='bbox 1123 3760 1410 3821; x_wconf 82' lang='lat' dir='ltr'><strong>Novemb.,</strong></span> <span class='ocrx_word' id='word_1_482' title='bbox 1443 3775 1549 3824; x_wconf 90' lang='lat' dir='ltr'><strong>quo</strong></span> <span class='ocrx_word' id='word_1_483' title='bbox 1575 3759 1662 3814; x_wconf 89' lang='lat' dir='ltr'><strong>die</strong></span> <span class='ocrx_word' id='word_1_484' title='bbox 1688 3762 1773 3815; x_wconf 92' lang='lat' dir='ltr'><strong>hic</strong></span> <span class='ocrx_word' id='word_1_485' title='bbox 1801 3777 1828 3814; x_wconf 89' lang='lat' dir='ltr'><strong>a</strong></span> <span class='ocrx_word' id='word_1_486' title='bbox 1862 3759 1960 3816; x_wconf 82' lang='lat' dir='ltr'><strong>no-</strong></span> 
     </span>
    </p>
   </div>
   <div class='ocr_carea' id='block_1_69' title="bbox 389 3830 1964 3894">
    <p class='ocr_par' dir='ltr' id='par_1_69' title="bbox 389 3830 1964 3894">
     <span class='ocr_line' id='line_1_70' title="bbox 389 3830 1964 3894; baseline 0.004 -14"><span class='ocrx_word' id='word_1_487' title='bbox 389 3839 508 3882; x_wconf 89' lang='lat' dir='ltr'><strong>stro</strong></span> <span class='ocrx_word' id='word_1_488' title='bbox 534 3843 749 3884; x_wconf 86' lang='lat' dir='ltr'><strong>auctore</strong></span> <span class='ocrx_word' id='word_1_489' title='bbox 776 3831 1096 3894; x_wconf 87' lang='lat' dir='ltr'><strong>celebratur,</strong></span> <span class='ocrx_word' id='word_1_490' title='bbox 1124 3832 1217 3885; x_wconf 90' lang='lat' dir='ltr'><strong>sed</strong></span> <span class='ocrx_word' id='word_1_491' title='bbox 1249 3847 1276 3883; x_wconf 84' lang='lat' dir='ltr'><strong>x</strong></span> <span class='ocrx_word' id='word_1_492' title='bbox 1305 3831 1426 3885; x_wconf 83' lang='lat' dir='ltr'><strong>Kal.</strong></span> <span class='ocrx_word' id='word_1_493' title='bbox 1456 3830 1626 3884; x_wconf 79' lang='lat' dir='ltr'><strong>Martii</strong></span> <span class='ocrx_word' id='word_1_494' title='bbox 1658 3833 1964 3886; x_wconf 85' lang='lat' dir='ltr'><strong>memorari.</strong></span> 
     </span>
    </p>
   </div>
   <div class='ocr_carea' id='block_1_70' title="bbox 388 3899 1968 3956">
    <p class='ocr_par' dir='ltr' id='par_1_70' title="bbox 388 3899 1968 3956">
     <span class='ocr_line' id='line_1_71' title="bbox 388 3899 1968 3956; baseline 0.003 -4"><span class='ocrx_word' id='word_1_495' title='bbox 388 3899 497 3953; x_wconf 87' lang='lat' dir='ltr'><strong>Sed</strong></span> <span class='ocrx_word' id='word_1_496' title='bbox 559 3900 777 3954; x_wconf 85' lang='lat' dir='ltr'><strong>forsitan</strong></span> <span class='ocrx_word' id='word_1_497' title='bbox 822 3917 852 3954; x_wconf 84' lang='lat' dir='ltr'><strong>x</strong></span> <span class='ocrx_word' id='word_1_498' title='bbox 899 3901 1018 3954; x_wconf 84' lang='lat' dir='ltr'><strong>Kal.</strong></span> <span class='ocrx_word' id='word_1_499' title='bbox 1068 3899 1237 3955; x_wconf 84' lang='lat' dir='ltr'><strong>Martii</strong></span> <span class='ocrx_word' id='word_1_500' title='bbox 1285 3901 1608 3956; x_wconf 89' lang='lat' dir='ltr'><strong>cellebratur</strong></span> <span class='ocrx_word' id='word_1_501' title='bbox 1653 3903 1968 3956; x_wconf 84' lang='lat' dir='ltr'><strong>elevationis</strong></span> 
     </span>
    </p>
   </div>
   <div class='ocr_carea' id='block_1_71' title="bbox 387 3970 1964 4040">
    <p class='ocr_par' dir='ltr' id='par_1_71' title="bbox 387 3970 1964 4040">
     <span class='ocr_line' id='line_1_72' title="bbox 387 3970 1964 4040; baseline 0.002 -17"><span class='ocrx_word' id='word_1_502' title='bbox 387 3973 645 4024; x_wconf 85' lang='lat' dir='ltr'><strong>memoria</strong></span> <span class='ocrx_word' id='word_1_503' title='bbox 666 4012 681 4035; x_wconf 91' lang='lat'><strong>,</strong></span> <span class='ocrx_word' id='word_1_504' title='bbox 715 3972 842 4025; x_wconf 91' lang='lat' dir='ltr'><strong>dum</strong></span> <span class='ocrx_word' id='word_1_505' title='bbox 873 3970 930 4025; x_wconf 92' lang='grc'><strong>8.</strong></span> <span class='ocrx_word' id='word_1_506' title='bbox 965 3971 1099 4024; x_wconf 85' lang='lat' dir='ltr'><strong>Galli</strong></span> <span class='ocrx_word' id='word_1_507' title='bbox 1149 3987 1342 4040; x_wconf 85' lang='lat' dir='ltr'><strong>corpus</strong></span> <span class='ocrx_word' id='word_1_508' title='bbox 1369 3988 1397 4024; x_wconf 89' lang='lat' dir='ltr'><strong>a</strong></span> <span class='ocrx_word' id='word_1_509' title='bbox 1449 3971 1658 4026; x_wconf 78' lang='lat' dir='ltr'><strong>Bosanc</strong></span> <span class='ocrx_word' id='word_1_510' title='bbox 1702 3972 1964 4026; x_wconf 87' lang='lat' dir='ltr'><strong>Constan-</strong></span> 
     </span>
    </p>
   </div>
   <div class='ocr_carea' id='block_1_72' title="bbox 391 4041 1962 4109">
    <p class='ocr_par' dir='ltr' id='par_1_72' title="bbox 391 4041 1962 4109">
     <span class='ocr_line' id='line_1_73' title="bbox 391 4041 1962 4109; baseline 0.001 -15"><span class='ocrx_word' id='word_1_511' title='bbox 391 4041 555 4094; x_wconf 87' lang='lat' dir='ltr'><strong>tiensi</strong></span> <span class='ocrx_word' id='word_1_512' title='bbox 585 4043 837 4109; x_wconf 89' lang='lat' dir='ltr'><strong>episcopo</strong></span> <span class='ocrx_word' id='word_1_513' title='bbox 881 4043 934 4094; x_wconf 94' lang='lat' dir='ltr'><strong>in</strong></span> <span class='ocrx_word' id='word_1_514' title='bbox 978 4042 1339 4096; x_wconf 80' lang='lat' dir='ltr'><strong>decentiorem</strong></span> <span class='ocrx_word' id='word_1_515' title='bbox 1385 4041 1558 4094; x_wconf 89' lang='lat' dir='ltr'><strong>locum</strong></span> <span class='ocrx_word' id='word_1_516' title='bbox 1606 4043 1804 4095; x_wconf 84' lang='lat' dir='ltr'><strong>illatum</strong></span> <span class='ocrx_word' id='word_1_517' title='bbox 1849 4054 1962 4105; x_wconf 86' lang='lat' dir='ltr'><strong>est,</strong></span> 
     </span>
    </p>
   </div>
   <div class='ocr_carea' id='block_1_73' title="bbox 388 4110 1963 4180">
    <p class='ocr_par' dir='ltr' id='par_1_73' title="bbox 388 4110 1963 4180">
     <span class='ocr_line' id='line_1_74' title="bbox 388 4110 1963 4180; baseline 0.003 -19"><span class='ocrx_word' id='word_1_518' title='bbox 388 4110 840 4178; x_wconf 88' lang='lat' dir='ltr'><strong>quemadmodum</strong></span> <span class='ocrx_word' id='word_1_519' title='bbox 873 4112 924 4164; x_wconf 88' lang='lat' dir='ltr'><strong>in</strong></span> <span class='ocrx_word' id='word_1_520' title='bbox 958 4112 1094 4166; x_wconf 90' lang='lat' dir='ltr'><strong>libro</strong></span> <span class='ocrx_word' id='word_1_521' title='bbox 1122 4113 1189 4167; x_wconf 88' lang='lat' dir='ltr'><strong>de</strong></span> <span class='ocrx_word' id='word_1_522' title='bbox 1219 4113 1490 4166; x_wconf 88' lang='lat' dir='ltr'><strong>miraculis</strong></span> <span class='ocrx_word' id='word_1_523' title='bbox 1519 4111 1576 4164; x_wconf 92' lang='lat' dir='ltr'><strong>S.</strong></span> <span class='ocrx_word' id='word_1_524' title='bbox 1608 4112 1747 4165; x_wconf 90' lang='lat' dir='ltr'><strong>Galli</strong></span> <span class='ocrx_word' id='word_1_525' title='bbox 1775 4128 1898 4180; x_wconf 92' lang='lat' dir='ltr'><strong>cap.</strong></span> <span class='ocrx_word' id='word_1_526' title='bbox 1930 4113 1963 4165; x_wconf 71' lang='grc'><strong>2</strong></span> 
     </span>
    </p>
   </div>
   <div class='ocr_carea' id='block_1_74' title="bbox 386 4179 2042 4276">
    <p class='ocr_par' dir='ltr' id='par_1_74' title="bbox 386 4179 2042 4276">
     <span class='ocr_line' id='line_1_75' title="bbox 386 4179 2042 4276; baseline 0.004 -44"><span class='ocrx_word' id='word_1_527' title='bbox 386 4179 650 4276; x_wconf 46' lang='lat' dir='ltr'><strong>ref-eruti.</strong></span> <span class='ocrx_word' id='word_1_528' title='bbox 693 4181 826 4236; x_wconf 86' lang='lat' dir='ltr'><strong>Vide</strong></span> <span class='ocrx_word' id='word_1_529' title='bbox 870 4181 1043 4236; x_wconf 88' lang='lat' dir='ltr'><strong>Vitam</strong></span> <span class='ocrx_word' id='word_1_530' title='bbox 1074 4183 1131 4237; x_wconf 94' lang='lat' dir='ltr'><strong>S.</strong></span> <span class='ocrx_word' id='word_1_531' title='bbox 1177 4182 1316 4236; x_wconf 89' lang='lat' dir='ltr'><strong>Galli</strong></span> <span class='ocrx_word' id='word_1_532' title='bbox 1357 4182 1410 4237; x_wconf 91' lang='lat' dir='ltr'><strong>in</strong></span> <span class='ocrx_word' id='word_1_533' title='bbox 1442 4182 1734 4236; x_wconf 82' lang='lat' dir='ltr'><strong>Mabillonii</strong></span> <span class='ocrx_word' id='word_1_534' title='bbox 1766 4179 1891 4238; x_wconf 72' lang='lat' dir='ltr'><strong>saec.</strong></span> <span class='ocrx_word' id='word_1_535' title='bbox 1923 4199 1958 4237; x_wconf 91' lang='grc' dir='ltr'>ιι</span> <span class='ocrx_word' id='word_1_536' title='bbox 1991 4217 2042 4276; x_wconf 79' lang='lat' dir='ltr'><strong>D</strong></span> 
     </span>
    </p>
   </div>
   <div class='ocr_carea' id='block_1_75' title="bbox 383 4251 672 4304">
    <p class='ocr_par' dir='ltr' id='par_1_75' title="bbox 383 4251 672 4304">
     <span class='ocr_line' id='line_1_76' title="bbox 383 4251 672 4304; baseline 0.003 -1"><span class='ocrx_word' id='word_1_537' title='bbox 383 4251 509 4303; x_wconf 80' lang='lat' dir='ltr'><strong>Aet.</strong></span> <span class='ocrx_word' id='word_1_538' title='bbox 545 4251 672 4304; x_wconf 89' lang='lat' dir='ltr'><strong>Ben.</strong></span> 
     </span>
    </p>
   </div>
   <div class='ocr_carea' id='block_1_76' title="bbox 459 4318 1962 4392">
    <p class='ocr_par' dir='ltr' id='par_1_76' title="bbox 459 4318 1962 4392">
     <span class='ocr_line' id='line_1_77' title="bbox 459 4318 1962 4392; baseline 0.005 -21"><span class='ocrx_word' id='word_1_539' title='bbox 459 4318 487 4392; x_wconf 64' lang='lat' dir='ltr'><strong>fl</strong></span> <span class='ocrx_word' id='word_1_540' title='bbox 523 4320 793 4392; x_wconf 55' lang='lat' dir='ltr'><strong>garriant.</strong></span> <span class='ocrx_word' id='word_1_541' title='bbox 847 4321 909 4375; x_wconf 87' lang='lat' dir='ltr'><strong>lli</strong></span> <span class='ocrx_word' id='word_1_542' title='bbox 953 4332 1195 4390; x_wconf 85' lang='lat' dir='ltr'><strong>tempore</strong></span> <span class='ocrx_word' id='word_1_543' title='bbox 1231 4322 1534 4376; x_wconf 70' lang='lat' dir='ltr'><strong>Vandalicm</strong></span> <span class='ocrx_word' id='word_1_544' title='bbox 1578 4323 1962 4392; x_wconf 88' lang='lat' dir='ltr'><strong>persecutionis</strong></span> 
     </span>
    </p>
   </div>
   <div class='ocr_carea' id='block_1_77' title="bbox 384 4390 1961 4463">
    <p class='ocr_par' dir='ltr' id='par_1_77' title="bbox 384 4390 1961 4463">
     <span class='ocr_line' id='line_1_78' title="bbox 384 4390 1961 4463; baseline 0.002 -18"><span class='ocrx_word' id='word_1_545' title='bbox 384 4391 490 4463; x_wconf 78' lang='lat' dir='ltr'><strong>sub</strong></span> <span class='ocrx_word' id='word_1_546' title='bbox 523 4390 795 4463; x_wconf 71' lang='lat' dir='ltr'><strong>Geiserico</strong></span> <span class='ocrx_word' id='word_1_547' title='bbox 824 4407 948 4463; x_wconf 79' lang='lat' dir='ltr'><strong>rege</strong></span> <span class='ocrx_word' id='word_1_548' title='bbox 982 4394 1178 4446; x_wconf 81' lang='lat' dir='ltr'><strong>Ariano</strong></span> <span class='ocrx_word' id='word_1_549' title='bbox 1199 4432 1214 4458; x_wconf 91' lang='lat'><strong>,</strong></span> <span class='ocrx_word' id='word_1_550' title='bbox 1257 4408 1376 4447; x_wconf 92' lang='lat' dir='ltr'><strong>cum</strong></span> <span class='ocrx_word' id='word_1_551' title='bbox 1404 4390 1591 4447; x_wconf 81' lang='lat' dir='ltr'><strong>essent</strong></span> <span class='ocrx_word' id='word_1_552' title='bbox 1608 4397 1752 4447; x_wconf 88' lang='lat' dir='ltr'><strong>servi</strong></span> <span class='ocrx_word' id='word_1_553' title='bbox 1781 4395 1961 4463; x_wconf 89' lang='lat' dir='ltr'><strong>cujus-</strong></span> 
     </span>
    </p>
   </div>
   <div class='ocr_carea' id='block_1_78' title="bbox 381 4460 1960 4530">
    <p class='ocr_par' dir='ltr' id='par_1_78' title="bbox 381 4460 1960 4530">
     <span class='ocr_line' id='line_1_79' title="bbox 381 4460 1960 4530; baseline 0.003 -17"><span class='ocrx_word' id='word_1_554' title='bbox 381 4462 505 4514; x_wconf 83' lang='lat' dir='ltr'><strong>dam</strong></span> <span class='ocrx_word' id='word_1_555' title='bbox 559 4460 816 4525; x_wconf 83' lang='lat' dir='ltr'><strong>Vauduli,</strong></span> <span class='ocrx_word' id='word_1_556' title='bbox 867 4460 910 4515; x_wconf 43' lang='lat' dir='ltr'><strong>a—</strong></span> <span class='ocrx_word' id='word_1_557' title='bbox 946 4463 1006 4517; x_wconf 93' lang='lat' dir='ltr'><strong>S.</strong></span> <span class='ocrx_word' id='word_1_558' title='bbox 1058 4463 1284 4517; x_wconf 85' lang='lat' dir='ltr'><strong>Maxima</strong></span> <span class='ocrx_word' id='word_1_559' title='bbox 1338 4463 1544 4530; x_wconf 83' lang='lat' dir='ltr'><strong>virgine</strong></span> <span class='ocrx_word' id='word_1_560' title='bbox 1593 4478 1780 4518; x_wconf 90' lang='lat' dir='ltr'><strong>eorum</strong></span> <span class='ocrx_word' id='word_1_561' title='bbox 1827 4460 1960 4519; x_wconf 82' lang='lat' dir='ltr'><strong>con-</strong></span> 
     </span>
    </p>
   </div>
   <div class='ocr_carea' id='block_1_79' title="bbox 382 4530 1958 4599">
    <p class='ocr_par' dir='ltr' id='par_1_79' title="bbox 382 4530 1958 4599">
     <span class='ocr_line' id='line_1_80' title="bbox 382 4530 1958 4599; baseline 0.003 -15"><span class='ocrx_word' id='word_1_562' title='bbox 382 4546 539 4584; x_wconf 85' lang='lat' dir='ltr'><strong>serva</strong></span> <span class='ocrx_word' id='word_1_563' title='bbox 570 4531 636 4585; x_wconf 93' lang='lat' dir='ltr'><strong>ad</strong></span> <span class='ocrx_word' id='word_1_564' title='bbox 669 4530 866 4587; x_wconf 79' lang='lat' dir='ltr'><strong>Christi</strong></span> <span class='ocrx_word' id='word_1_565' title='bbox 901 4533 1057 4586; x_wconf 90' lang='lat' dir='ltr'><strong>fidem</strong></span> <span class='ocrx_word' id='word_1_566' title='bbox 1083 4535 1361 4596; x_wconf 88' lang='lat' dir='ltr'><strong>conversi,</strong></span> <span class='ocrx_word' id='word_1_567' title='bbox 1392 4549 1486 4599; x_wconf 88' lang='lat' dir='ltr'><strong>pro</strong></span> <span class='ocrx_word' id='word_1_568' title='bbox 1513 4535 1810 4589; x_wconf 81' lang='lat' dir='ltr'><strong>constantia</strong></span> <span class='ocrx_word' id='word_1_569' title='bbox 1837 4535 1958 4589; x_wconf 87' lang='lat' dir='ltr'><strong>lidei</strong></span> 
     </span>
    </p>
   </div>
   <div class='ocr_carea' id='block_1_80' title="bbox 380 4602 1959 4670">
    <p class='ocr_par' dir='ltr' id='par_1_80' title="bbox 380 4602 1959 4670">
     <span class='ocr_line' id='line_1_81' title="bbox 380 4602 1959 4670; baseline 0.003 -15"><span class='ocrx_word' id='word_1_570' title='bbox 380 4602 667 4656; x_wconf 70' lang='lat' dir='ltr'><strong>catholica:</strong></span> <span class='ocrx_word' id='word_1_571' title='bbox 714 4605 944 4670; x_wconf 88' lang='lat' dir='ltr'><strong>primum</strong></span> <span class='ocrx_word' id='word_1_572' title='bbox 998 4604 1216 4657; x_wconf 85' lang='lat' dir='ltr'><strong>nodosis</strong></span> <span class='ocrx_word' id='word_1_573' title='bbox 1264 4603 1492 4657; x_wconf 85' lang='lat' dir='ltr'><strong>fustibus</strong></span> <span class='ocrx_word' id='word_1_574' title='bbox 1540 4605 1661 4658; x_wconf 67' lang='lat' dir='ltr'><strong>caesi</strong></span> <span class='ocrx_word' id='word_1_575' title='bbox 1700 4615 1861 4666; x_wconf 87' lang='lat' dir='ltr'><strong>sunt,</strong></span> <span class='ocrx_word' id='word_1_576' title='bbox 1902 4616 1959 4660; x_wconf 89' lang='lat' dir='ltr'><strong>et</strong></span> 
     </span>
    </p>
   </div>
   <div class='ocr_carea' id='block_1_81' title="bbox 383 4674 1956 4744">
    <p class='ocr_par' dir='ltr' id='par_1_81' title="bbox 383 4674 1956 4744">
     <span class='ocr_line' id='line_1_82' title="bbox 383 4674 1956 4744; baseline 0.004 -20"><span class='ocrx_word' id='word_1_577' title='bbox 383 4687 555 4740; x_wconf 87' lang='lat' dir='ltr'><strong>usque</strong></span> <span class='ocrx_word' id='word_1_578' title='bbox 581 4675 647 4725; x_wconf 88' lang='lat' dir='ltr'><strong>ad</strong></span> <span class='ocrx_word' id='word_1_579' title='bbox 679 4688 799 4726; x_wconf 84' lang='lat' dir='ltr'><strong>ossa</strong></span> <span class='ocrx_word' id='word_1_580' title='bbox 832 4675 1011 4728; x_wconf 89' lang='lat' dir='ltr'><strong>laniati</strong></span> <span class='ocrx_word' id='word_1_581' title='bbox 1046 4692 1057 4726; x_wconf 93' lang='lat'>:</span> <span class='ocrx_word' id='word_1_582' title='bbox 1091 4674 1184 4729; x_wconf 88' lang='lat' dir='ltr'><strong>sed</strong></span> <span class='ocrx_word' id='word_1_583' title='bbox 1217 4691 1336 4729; x_wconf 90' lang='lat' dir='ltr'><strong>cum</strong></span> <span class='ocrx_word' id='word_1_584' title='bbox 1369 4676 1535 4729; x_wconf 91' lang='lat' dir='ltr'><strong>multo</strong></span> <span class='ocrx_word' id='word_1_585' title='bbox 1567 4686 1806 4744; x_wconf 88' lang='lat' dir='ltr'><strong>tempore</strong></span> <span class='ocrx_word' id='word_1_586' title='bbox 1833 4677 1956 4730; x_wconf 89' lang='lat' dir='ltr'><strong>talia</strong></span> 
     </span>
    </p>
   </div>
   <div class='ocr_carea' id='block_1_82' title="bbox 383 4745 1948 4813">
    <p class='ocr_par' dir='ltr' id='par_1_82' title="bbox 383 4745 1948 4813">
     <span class='ocr_line' id='line_1_83' title="bbox 383 4745 1948 4813; baseline 0.003 -19"><span class='ocrx_word' id='word_1_587' title='bbox 383 4754 723 4810; x_wconf 85' lang='lat' dir='ltr'><strong>paterentur,</strong></span> <span class='ocrx_word' id='word_1_588' title='bbox 757 4755 811 4797; x_wconf 90' lang='lat' dir='ltr'><strong>et</strong></span> <span class='ocrx_word' id='word_1_589' title='bbox 841 4745 1084 4813; x_wconf 89' lang='lat' dir='ltr'><strong>sequenti</strong></span> <span class='ocrx_word' id='word_1_590' title='bbox 1113 4746 1202 4799; x_wconf 92' lang='lat' dir='ltr'><strong>die</strong></span> <span class='ocrx_word' id='word_1_591' title='bbox 1233 4745 1578 4800; x_wconf 89' lang='lat' dir='ltr'><strong>nihilominus</strong></span> <span class='ocrx_word' id='word_1_592' title='bbox 1614 4760 1828 4813; x_wconf 87' lang='lat' dir='ltr'><strong>semper</strong></span> <span class='ocrx_word' id='word_1_593' title='bbox 1868 4745 1948 4798; x_wconf 85' lang='lat' dir='ltr'><strong>in-</strong></span> 
     </span>
    </p>
   </div>
   <div class='ocr_carea' id='block_1_83' title="bbox 380 4814 1950 4883">
    <p class='ocr_par' dir='ltr' id='par_1_83' title="bbox 380 4814 1950 4883">
     <span class='ocr_line' id='line_1_84' title="bbox 380 4814 1950 4883; baseline 0.003 -18"><span class='ocrx_word' id='word_1_594' title='bbox 380 4814 631 4866; x_wconf 88' lang='lat' dir='ltr'><strong>columes</strong></span> <span class='ocrx_word' id='word_1_595' title='bbox 682 4815 1068 4881; x_wconf 85' lang='lat' dir='ltr'><strong>redderentur,</strong></span> <span class='ocrx_word' id='word_1_596' title='bbox 1121 4817 1312 4870; x_wconf 84' lang='lat' dir='ltr'><strong>exsilio</strong></span> <span class='ocrx_word' id='word_1_597' title='bbox 1356 4815 1574 4870; x_wconf 88' lang='lat' dir='ltr'><strong>tandem</strong></span> <span class='ocrx_word' id='word_1_598' title='bbox 1627 4817 1950 4883; x_wconf 82' lang='lat' dir='ltr'><strong>relegantur,</strong></span> 
     </span>
    </p>
   </div>
   <div class='ocr_carea' id='block_1_84' title="bbox 382 4884 1952 4941">
    <p class='ocr_par' dir='ltr' id='par_1_84' title="bbox 382 4884 1952 4941">
     <span class='ocr_line' id='line_1_85' title="bbox 382 4884 1952 4941; baseline 0.003 -6"><span class='ocrx_word' id='word_1_599' title='bbox 382 4884 474 4936; x_wconf 88' lang='lat' dir='ltr'><strong>ubi</strong></span> <span class='ocrx_word' id='word_1_600' title='bbox 507 4899 626 4937; x_wconf 88' lang='lat' dir='ltr'><strong>cum</strong></span> <span class='ocrx_word' id='word_1_601' title='bbox 661 4887 858 4940; x_wconf 80' lang='lat' dir='ltr'><strong>multos</strong></span> <span class='ocrx_word' id='word_1_602' title='bbox 899 4886 1245 4939; x_wconf 87' lang='lat' dir='ltr'><strong>barbarorum</strong></span> <span class='ocrx_word' id='word_1_603' title='bbox 1276 4887 1342 4940; x_wconf 86' lang='lat' dir='ltr'><strong>ad</strong></span> <span class='ocrx_word' id='word_1_604' title='bbox 1387 4887 1544 4940; x_wconf 84' lang='lat' dir='ltr'><strong>fidem</strong></span> <span class='ocrx_word' id='word_1_605' title='bbox 1589 4885 1784 4939; x_wconf 86' lang='lat' dir='ltr'><strong>Christi</strong></span> <span class='ocrx_word' id='word_1_606' title='bbox 1825 4902 1952 4941; x_wconf 84' lang='lat' dir='ltr'><strong>con-</strong></span> 
     </span>
    </p>
   </div>
   <div class='ocr_carea' id='block_1_85' title="bbox 378 4955 1952 5026">
    <p class='ocr_par' dir='ltr' id='par_1_85' title="bbox 378 4955 1952 5026">
     <span class='ocr_line' id='line_1_86' title="bbox 378 4955 1952 5026; baseline 0.002 -19"><span class='ocrx_word' id='word_1_607' title='bbox 378 4955 706 5021; x_wconf 78' lang='lat' dir='ltr'><strong>vertissent,</strong></span> <span class='ocrx_word' id='word_1_608' title='bbox 738 4959 1026 5011; x_wconf 80' lang='lat' dir='ltr'><strong>novissime</strong></span> <span class='ocrx_word' id='word_1_609' title='bbox 1052 4958 1244 5011; x_wconf 87' lang='lat' dir='ltr'><strong>vinctis</strong></span> <span class='ocrx_word' id='word_1_610' title='bbox 1271 4959 1491 5026; x_wconf 88' lang='lat' dir='ltr'><strong>pedibus</strong></span> <span class='ocrx_word' id='word_1_611' title='bbox 1518 4967 1638 5025; x_wconf 89' lang='lat' dir='ltr'><strong>post</strong></span> <span class='ocrx_word' id='word_1_612' title='bbox 1665 4968 1806 5022; x_wconf 80' lang='lat' dir='ltr'><strong>terga</strong></span> <span class='ocrx_word' id='word_1_613' title='bbox 1832 4972 1952 5011; x_wconf 88' lang='lat' dir='ltr'><strong>cur-</strong></span> 
     </span>
    </p>
   </div>
   <div class='ocr_carea' id='block_1_86' title="bbox 380 5025 1950 5097">
    <p class='ocr_par' dir='ltr' id='par_1_86' title="bbox 380 5025 1950 5097">
     <span class='ocr_line' id='line_1_87' title="bbox 380 5025 1950 5097; baseline 0.003 -21"><span class='ocrx_word' id='word_1_614' title='bbox 380 5025 619 5097; x_wconf 74' lang='lat' dir='ltr'><strong>rentium</strong></span> <span class='ocrx_word' id='word_1_615' title='bbox 651 5027 1026 5097; x_wconf 82' lang='lat' dir='ltr'><strong>quadrigarum</strong></span> <span class='ocrx_word' id='word_1_616' title='bbox 1049 5072 1062 5092; x_wconf 93' lang='lat'><strong>,</strong></span> <span class='ocrx_word' id='word_1_617' title='bbox 1098 5029 1235 5081; x_wconf 85' lang='lat' dir='ltr'><strong>inter</strong></span> <span class='ocrx_word' id='word_1_618' title='bbox 1275 5025 1496 5096; x_wconf 76' lang='lat' dir='ltr'><strong>spinosa</strong></span> <span class='ocrx_word' id='word_1_619' title='bbox 1545 5031 1659 5082; x_wconf 88' lang='lat' dir='ltr'><strong>loca</strong></span> <span class='ocrx_word' id='word_1_620' title='bbox 1700 5026 1950 5081; x_wconf 83' lang='lat' dir='ltr'><strong>silvarum</strong></span> 
     </span>
    </p>
   </div>
   <div class='ocr_carea' id='block_1_87' title="bbox 376 5095 1952 5165">
    <p class='ocr_par' dir='ltr' id='par_1_87' title="bbox 376 5095 1952 5165">
     <span class='ocr_line' id='line_1_88' title="bbox 376 5095 1952 5165; baseline 0.004 -20"><span class='ocrx_word' id='word_1_621' title='bbox 376 5095 512 5161; x_wconf 83' lang='lat' dir='ltr'><strong>jussi</strong></span> <span class='ocrx_word' id='word_1_622' title='bbox 544 5107 668 5149; x_wconf 88' lang='lat' dir='ltr'><strong>sunt</strong></span> <span class='ocrx_word' id='word_1_623' title='bbox 698 5095 895 5165; x_wconf 81' lang='lat' dir='ltr'><strong>pariter</strong></span> <span class='ocrx_word' id='word_1_624' title='bbox 928 5099 1165 5150; x_wconf 79' lang='lat' dir='ltr'><strong>interire.</strong></span> <span class='ocrx_word' id='word_1_625' title='bbox 1197 5095 1421 5150; x_wconf 82' lang='lat' dir='ltr'><strong>Maxima</strong></span> <span class='ocrx_word' id='word_1_626' title='bbox 1450 5113 1576 5150; x_wconf 88' lang='lat' dir='ltr'><strong>vero</strong></span> <span class='ocrx_word' id='word_1_627' title='bbox 1611 5107 1733 5165; x_wconf 91' lang='lat' dir='ltr'><strong>post</strong></span> <span class='ocrx_word' id='word_1_628' title='bbox 1758 5099 1952 5151; x_wconf 86' lang='lat' dir='ltr'><strong>multos</strong></span> 
     </span>
    </p>
   </div>
   <div class='ocr_carea' id='block_1_88' title="bbox 379 5166 1952 5235">
    <p class='ocr_par' dir='ltr' id='par_1_88' title="bbox 379 5166 1952 5235">
     <span class='ocr_line' id='line_1_89' title="bbox 379 5166 1952 5235; baseline 0.001 -17"><span class='ocrx_word' id='word_1_629' title='bbox 379 5177 663 5232; x_wconf 81' lang='lat' dir='ltr'><strong>superatos</strong></span> <span class='ocrx_word' id='word_1_630' title='bbox 714 5181 912 5235; x_wconf 79' lang='lat' dir='ltr'><strong>agones</strong></span> <span class='ocrx_word' id='word_1_631' title='bbox 963 5166 1215 5221; x_wconf 84' lang='lat' dir='ltr'><strong>divinitus</strong></span> <span class='ocrx_word' id='word_1_632' title='bbox 1261 5168 1481 5221; x_wconf 89' lang='lat' dir='ltr'><strong>liberata</strong></span> <span class='ocrx_word' id='word_1_633' title='bbox 1530 5168 1580 5221; x_wconf 92' lang='lat' dir='ltr'><strong>in</strong></span> <span class='ocrx_word' id='word_1_634' title='bbox 1628 5169 1952 5222; x_wconf 88' lang='lat' dir='ltr'><strong>monasterio</strong></span> 
     </span>
    </p>
   </div>
   <div class='ocr_carea' id='block_1_89' title="bbox 377 5237 1948 5306">
    <p class='ocr_par' dir='ltr' id='par_1_89' title="bbox 377 5237 1948 5306">
     <span class='ocr_line' id='line_1_90' title="bbox 377 5237 1948 5306; baseline 0.003 -18"><span class='ocrx_word' id='word_1_635' title='bbox 377 5237 672 5290; x_wconf 82' lang='lat' dir='ltr'><strong>multarunt</strong></span> <span class='ocrx_word' id='word_1_636' title='bbox 706 5240 963 5306; x_wconf 74' lang='lat' dir='ltr'><strong>Virginum</strong></span> <span class='ocrx_word' id='word_1_637' title='bbox 1012 5247 1184 5290; x_wconf 90' lang='lat' dir='ltr'><strong>mater</strong></span> <span class='ocrx_word' id='word_1_638' title='bbox 1228 5248 1412 5292; x_wconf 89' lang='lat' dir='ltr'><strong>sancto</strong></span> <span class='ocrx_word' id='word_1_639' title='bbox 1441 5240 1545 5292; x_wconf 85' lang='lat' dir='ltr'><strong>line</strong></span> <span class='ocrx_word' id='word_1_640' title='bbox 1568 5239 1788 5306; x_wconf 89' lang='lat' dir='ltr'><strong>quievit.</strong></span> <span class='ocrx_word' id='word_1_641' title='bbox 1829 5238 1948 5293; x_wconf 86' lang='lat' dir='ltr'><strong>Vtc-</strong></span> 
     </span>
    </p>
   </div>
   <div class='ocr_carea' id='block_1_90' title="bbox 373 5307 1270 5368">
    <p class='ocr_par' dir='ltr' id='par_1_90' title="bbox 373 5307 1270 5368">
     <span class='ocr_line' id='line_1_91' title="bbox 373 5307 1270 5368; baseline 0 -8"><span class='ocrx_word' id='word_1_642' title='bbox 373 5320 509 5368; x_wconf 75' lang='lat' dir='ltr'><strong>Ton,</strong></span> <span class='ocrx_word' id='word_1_643' title='bbox 543 5309 634 5361; x_wconf 76' lang='lat' dir='ltr'><strong>lib.</strong></span> <span class='ocrx_word' id='word_1_644' title='bbox 667 5322 684 5362; x_wconf 90' lang='grc' dir='ltr'>ι</span> <span class='ocrx_word' id='word_1_645' title='bbox 713 5309 778 5360; x_wconf 91' lang='lat' dir='ltr'><strong>de</strong></span> <span class='ocrx_word' id='word_1_646' title='bbox 808 5309 1018 5363; x_wconf 69' lang='lat' dir='ltr'><strong>Pet-sec.</strong></span> <span class='ocrx_word' id='word_1_647' title='bbox 1049 5307 1270 5361; x_wconf 86' lang='lat' dir='ltr'><strong>Vaudal.</strong></span> 
     </span>
    </p>
   </div>
   <div class='ocr_carea' id='block_1_91' title="bbox 455 5375 1944 5446">
    <p class='ocr_par' dir='ltr' id='par_1_91' title="bbox 455 5375 1944 5446">
     <span class='ocr_line' id='line_1_92' title="bbox 455 5375 1944 5446; baseline 0.001 -17"><span class='ocrx_word' id='word_1_648' title='bbox 455 5382 478 5408; x_wconf 75' lang='grc' dir='ltr'><strong><em>ε</em></strong></span> <span class='ocrx_word' id='word_1_649' title='bbox 513 5375 862 5430; x_wconf 82' lang='lat' dir='ltr'><strong>Mummolini.</strong></span> <span class='ocrx_word' id='word_1_650' title='bbox 897 5379 972 5430; x_wconf 86' lang='lat' dir='ltr'><strong>Ex</strong></span> <span class='ocrx_word' id='word_1_651' title='bbox 1000 5378 1392 5433; x_wconf 87' lang='lat' dir='ltr'><strong>Constantiensi</strong></span> <span class='ocrx_word' id='word_1_652' title='bbox 1441 5379 1656 5446; x_wconf 73' lang='lat' dir='ltr'><strong>regione</strong></span> <span class='ocrx_word' id='word_1_653' title='bbox 1699 5377 1944 5445; x_wconf 89' lang='lat' dir='ltr'><strong>oriundi,</strong></span> 
     </span>
    </p>
   </div>
   <div class='ocr_carea' id='block_1_92' title="bbox 377 5447 1950 5513">
    <p class='ocr_par' dir='ltr' id='par_1_92' title="bbox 377 5447 1950 5513">
     <span class='ocr_line' id='line_1_93' title="bbox 377 5447 1950 5513; baseline 0.004 -15"><span class='ocrx_word' id='word_1_654' title='bbox 377 5447 468 5513; x_wconf 89' lang='lat' dir='ltr'><strong>qui</strong></span> <span class='ocrx_word' id='word_1_655' title='bbox 501 5463 605 5500; x_wconf 87' lang='lat' dir='ltr'><strong>una</strong></span> <span class='ocrx_word' id='word_1_656' title='bbox 647 5463 765 5501; x_wconf 90' lang='lat' dir='ltr'><strong>cum</strong></span> <span class='ocrx_word' id='word_1_657' title='bbox 817 5450 1168 5502; x_wconf 78' lang='lat' dir='ltr'><strong>Ebertramuo</strong></span> <span class='ocrx_word' id='word_1_658' title='bbox 1207 5461 1260 5504; x_wconf 89' lang='lat' dir='ltr'><strong>et</strong></span> <span class='ocrx_word' id='word_1_659' title='bbox 1308 5451 1526 5503; x_wconf 83' lang='lat' dir='ltr'><strong>Berttuo</strong></span> <span class='ocrx_word' id='word_1_660' title='bbox 1570 5449 1636 5501; x_wconf 89' lang='lat' dir='ltr'><strong>ad</strong></span> <span class='ocrx_word' id='word_1_661' title='bbox 1686 5450 1950 5504; x_wconf 81' lang='lat' dir='ltr'><strong>Audoma-</strong></span> 
     </span>
    </p>
   </div>
   <div class='ocr_carea' id='block_1_93' title="bbox 376 5519 1944 5588">
    <p class='ocr_par' dir='ltr' id='par_1_93' title="bbox 376 5519 1944 5588">
     <span class='ocr_line' id='line_1_94' title="bbox 376 5519 1944 5588; baseline -0.001 -17"><span class='ocrx_word' id='word_1_662' title='bbox 376 5533 497 5571; x_wconf 88' lang='lat' dir='ltr'><strong>rum</strong></span> <span class='ocrx_word' id='word_1_663' title='bbox 527 5519 834 5588; x_wconf 85' lang='lat' dir='ltr'><strong>episcopum</strong></span> <span class='ocrx_word' id='word_1_664' title='bbox 867 5521 1294 5573; x_wconf 81' lang='lat' dir='ltr'><strong>Tarveunensem</strong></span> <span class='ocrx_word' id='word_1_665' title='bbox 1342 5519 1518 5579; x_wconf 82' lang='lat' dir='ltr'><strong>venit,</strong></span> <span class='ocrx_word' id='word_1_666' title='bbox 1551 5529 1604 5571; x_wconf 91' lang='lat' dir='ltr'><strong>et</strong></span> <span class='ocrx_word' id='word_1_667' title='bbox 1649 5521 1700 5571; x_wconf 92' lang='lat' dir='ltr'><strong>in</strong></span> <span class='ocrx_word' id='word_1_668' title='bbox 1752 5521 1944 5588; x_wconf 68' lang='lat' dir='ltr'><strong>pra-tli-</strong></span> 
     </span>
    </p>
   </div>
   <div class='ocr_carea' id='block_1_94' title="bbox 372 5589 1941 5659">
    <p class='ocr_par' dir='ltr' id='par_1_94' title="bbox 372 5589 1941 5659">
     <span class='ocr_line' id='line_1_95' title="bbox 372 5589 1941 5659; baseline 0.001 -18"><span class='ocrx_word' id='word_1_669' title='bbox 372 5589 549 5642; x_wconf 84' lang='lat' dir='ltr'><strong>cando</strong></span> <span class='ocrx_word' id='word_1_670' title='bbox 607 5591 890 5652; x_wconf 71' lang='lat' dir='ltr'><strong>Evangelia</strong></span> <span class='ocrx_word' id='word_1_671' title='bbox 939 5591 986 5643; x_wconf 90' lang='lat' dir='ltr'><strong>ei</strong></span> <span class='ocrx_word' id='word_1_672' title='bbox 1028 5591 1238 5659; x_wconf 85' lang='lat' dir='ltr'><strong>adjutor</strong></span> <span class='ocrx_word' id='word_1_673' title='bbox 1299 5589 1415 5643; x_wconf 86' lang='lat' dir='ltr'><strong>fuit.</strong></span> <span class='ocrx_word' id='word_1_674' title='bbox 1482 5590 1802 5642; x_wconf 82' lang='lat' dir='ltr'><strong>Mouasterio</strong></span> <span class='ocrx_word' id='word_1_675' title='bbox 1854 5590 1941 5645; x_wconf 86' lang='lat' dir='ltr'><strong>Si-</strong></span> 
     </span>
    </p>
   </div>
   <div class='ocr_carea' id='block_1_95' title="bbox 375 5660 1942 5724">
    <p class='ocr_par' dir='ltr' id='par_1_95' title="bbox 375 5660 1942 5724">
     <span class='ocr_line' id='line_1_96' title="bbox 375 5660 1942 5724; baseline 0.001 -13"><span class='ocrx_word' id='word_1_676' title='bbox 375 5661 622 5714; x_wconf 60' lang='lat' dir='ltr'><strong>tbiueuse</strong></span> <span class='ocrx_word' id='word_1_677' title='bbox 650 5661 934 5724; x_wconf 66' lang='lat' dir='ltr'><strong>aedificato,</strong></span> <span class='ocrx_word' id='word_1_678' title='bbox 960 5661 1293 5713; x_wconf 81' lang='lat' dir='ltr'><strong>Audontarus</strong></span> <span class='ocrx_word' id='word_1_679' title='bbox 1321 5660 1722 5713; x_wconf 78' lang='lat' dir='ltr'><strong>Mummolinum</strong></span> <span class='ocrx_word' id='word_1_680' title='bbox 1753 5676 1942 5714; x_wconf 86' lang='lat' dir='ltr'><strong>mona-</strong></span> 
     </span>
    </p>
   </div>
   <div class='ocr_carea' id='block_1_96' title="bbox 373 5730 1944 5800">
    <p class='ocr_par' dir='ltr' id='par_1_96' title="bbox 373 5730 1944 5800">
     <span class='ocr_line' id='line_1_97' title="bbox 373 5730 1944 5800; baseline 0.001 -18"><span class='ocrx_word' id='word_1_681' title='bbox 373 5730 494 5785; x_wconf 88' lang='lat' dir='ltr'><strong>cbis</strong></span> <span class='ocrx_word' id='word_1_682' title='bbox 518 5731 802 5800; x_wconf 66' lang='lat' dir='ltr'><strong>praeposuit</strong></span> <span class='ocrx_word' id='word_1_683' title='bbox 822 5732 1048 5799; x_wconf 87' lang='lat' dir='ltr'><strong>primum</strong></span> <span class='ocrx_word' id='word_1_684' title='bbox 1071 5731 1336 5786; x_wconf 86' lang='lat' dir='ltr'><strong>abbatem.</strong></span> <span class='ocrx_word' id='word_1_685' title='bbox 1355 5731 1578 5797; x_wconf 80' lang='lat' dir='ltr'><strong>Quidam</strong></span> <span class='ocrx_word' id='word_1_686' title='bbox 1606 5746 1730 5785; x_wconf 86' lang='lat' dir='ltr'><strong>vero</strong></span> <span class='ocrx_word' id='word_1_687' title='bbox 1758 5732 1944 5785; x_wconf 90' lang='lat' dir='ltr'><strong>volunt</strong></span> 
     </span>
    </p>
   </div>
   <div class='ocr_carea' id='block_1_97' title="bbox 2079 2705 3666 2773">
    <p class='ocr_par' dir='ltr' id='par_1_97' title="bbox 2079 2705 3666 2773">
     <span class='ocr_line' id='line_1_98' title="bbox 2079 2705 3666 2773; baseline -0.002 -11"><span class='ocrx_word' id='word_1_688' title='bbox 2079 2707 2136 2762; x_wconf 92' lang='lat' dir='ltr'><strong>S.</strong></span> <span class='ocrx_word' id='word_1_689' title='bbox 2159 2708 2425 2762; x_wconf 79' lang='lat' dir='ltr'><strong>ltertinum</strong></span> <span class='ocrx_word' id='word_1_690' title='bbox 2448 2705 2673 2773; x_wconf 87' lang='lat' dir='ltr'><strong>primum</strong></span> <span class='ocrx_word' id='word_1_691' title='bbox 2694 2705 2856 2760; x_wconf 57' lang='lat' dir='ltr'><strong>fuisse</strong></span> <span class='ocrx_word' id='word_1_692' title='bbox 2877 2707 3121 2762; x_wconf 89' lang='lat' dir='ltr'><strong>abbatem</strong></span> <span class='ocrx_word' id='word_1_693' title='bbox 3140 2705 3459 2759; x_wconf 89' lang='lat' dir='ltr'><strong>Sithiuensis</strong></span> <span class='ocrx_word' id='word_1_694' title='bbox 3483 2720 3666 2759; x_wconf 80' lang='lat' dir='ltr'><strong>mona-</strong></span> 
     </span>
    </p>
   </div>
   <div class='ocr_carea' id='block_1_98' title="bbox 2079 2775 3662 2844">
    <p class='ocr_par' dir='ltr' id='par_1_98' title="bbox 2079 2775 3662 2844">
     <span class='ocr_line' id='line_1_99' title="bbox 2079 2775 3662 2844; baseline -0.002 -13"><span class='ocrx_word' id='word_1_695' title='bbox 2079 2780 2250 2832; x_wconf 89' lang='lat' dir='ltr'><strong>sterii.</strong></span> <span class='ocrx_word' id='word_1_696' title='bbox 2285 2779 2517 2831; x_wconf 82' lang='lat' dir='ltr'><strong>Joannes</strong></span> <span class='ocrx_word' id='word_1_697' title='bbox 2548 2777 2751 2841; x_wconf 84' lang='lat' dir='ltr'><strong>lperius</strong></span> <span class='ocrx_word' id='word_1_698' title='bbox 2781 2790 2812 2829; x_wconf 87' lang='lat' dir='ltr'><strong>e</strong></span> <span class='ocrx_word' id='word_1_699' title='bbox 2842 2777 3084 2844; x_wconf 84' lang='lat' dir='ltr'><strong>catalogo</strong></span> <span class='ocrx_word' id='word_1_700' title='bbox 3115 2778 3365 2830; x_wconf 87' lang='lat' dir='ltr'><strong>abbatum</strong></span> <span class='ocrx_word' id='word_1_701' title='bbox 3392 2775 3662 2831; x_wconf 84' lang='lat' dir='ltr'><strong>Sithiuen-</strong></span> 
     </span>
    </p>
   </div>
   <div class='ocr_carea' id='block_1_99' title="bbox 2079 2846 3661 2917">
    <p class='ocr_par' dir='ltr' id='par_1_99' title="bbox 2079 2846 3661 2917">
     <span class='ocr_line' id='line_1_100' title="bbox 2079 2846 3661 2917; baseline -0.003 -14"><span class='ocrx_word' id='word_1_702' title='bbox 2079 2851 2221 2903; x_wconf 90' lang='lat' dir='ltr'><strong>sium</strong></span> <span class='ocrx_word' id='word_1_703' title='bbox 2254 2849 2466 2917; x_wconf 89' lang='lat' dir='ltr'><strong>penitus</strong></span> <span class='ocrx_word' id='word_1_704' title='bbox 2494 2847 2750 2910; x_wconf 64' lang='lat' dir='ltr'><strong>expungit</strong></span> <span class='ocrx_word' id='word_1_705' title='bbox 2782 2846 3218 2910; x_wconf 72' lang='lat' dir='ltr'><strong>illutnmolinum,</strong></span> <span class='ocrx_word' id='word_1_706' title='bbox 3241 2862 3412 2917; x_wconf 82' lang='lat' dir='ltr'><strong>quem</strong></span> <span class='ocrx_word' id='word_1_707' title='bbox 3446 2847 3661 2900; x_wconf 84' lang='lat' dir='ltr'><strong>Bertino</strong></span> 
     </span>
    </p>
   </div>
   <div class='ocr_carea' id='block_1_100' title="bbox 2007 2916 3663 2985">
    <p class='ocr_par' dir='ltr' id='par_1_100' title="bbox 2007 2916 3663 2985">
     <span class='ocr_line' id='line_1_101' title="bbox 2007 2916 3663 2985; baseline -0.001 -13"><span class='ocrx_word' id='word_1_708' title='bbox 2007 2919 2053 2984; x_wconf 89' lang='lat' dir='ltr'><strong>C</strong></span> <span class='ocrx_word' id='word_1_709' title='bbox 2087 2916 2415 2985; x_wconf 78' lang='lat' dir='ltr'><strong>postpOnunt</strong></span> <span class='ocrx_word' id='word_1_710' title='bbox 2455 2917 2857 2971; x_wconf 82' lang='lat' dir='ltr'><strong>San-Martbani</strong></span> <span class='ocrx_word' id='word_1_711' title='bbox 2905 2917 2955 2970; x_wconf 92' lang='lat' dir='ltr'><strong>in</strong></span> <span class='ocrx_word' id='word_1_712' title='bbox 3003 2918 3176 2969; x_wconf 79' lang='lat' dir='ltr'><strong>Callia</strong></span> <span class='ocrx_word' id='word_1_713' title='bbox 3222 2916 3558 2977; x_wconf 82' lang='lat' dir='ltr'><strong>Christiana,</strong></span> <span class='ocrx_word' id='word_1_714' title='bbox 3608 2929 3663 2970; x_wconf 92' lang='lat' dir='ltr'><strong>at</strong></span> 
     </span>
    </p>
   </div>
   <div class='ocr_carea' id='block_1_101' title="bbox 2087 2987 3661 3054">
    <p class='ocr_par' dir='ltr' id='par_1_101' title="bbox 2087 2987 3661 3054">
     <span class='ocr_line' id='line_1_102' title="bbox 2087 2987 3661 3054; baseline -0.003 -11"><span class='ocrx_word' id='word_1_715' title='bbox 2087 2990 2355 3043; x_wconf 89' lang='lat' dir='ltr'><strong>immerito</strong></span> <span class='ocrx_word' id='word_1_716' title='bbox 2403 2997 2587 3046; x_wconf 78' lang='lat' dir='ltr'><strong>certe.</strong></span> <span class='ocrx_word' id='word_1_717' title='bbox 2640 2987 2900 3051; x_wconf 82' lang='lat' dir='ltr'><strong>siquidem</strong></span> <span class='ocrx_word' id='word_1_718' title='bbox 2955 2988 3328 3041; x_wconf 81' lang='lat' dir='ltr'><strong>Mummoliuus</strong></span> <span class='ocrx_word' id='word_1_719' title='bbox 3379 2989 3436 3039; x_wconf 80' lang='lat' dir='ltr'><strong>ll.</strong></span> <span class='ocrx_word' id='word_1_720' title='bbox 3492 2987 3661 3054; x_wconf 76' lang='lat' dir='ltr'><strong>Eligio</strong></span> 
     </span>
    </p>
   </div>
   <div class='ocr_carea' id='block_1_102' title="bbox 2087 3056 3658 3126">
    <p class='ocr_par' dir='ltr' id='par_1_102' title="bbox 2087 3056 3658 3126">
     <span class='ocr_line' id='line_1_103' title="bbox 2087 3056 3658 3126; baseline 0.001 -14"><span class='ocrx_word' id='word_1_721' title='bbox 2087 3061 2344 3114; x_wconf 89' lang='lat' dir='ltr'><strong>successit</strong></span> <span class='ocrx_word' id='word_1_722' title='bbox 2375 3062 2424 3112; x_wconf 88' lang='lat' dir='ltr'><strong>in</strong></span> <span class='ocrx_word' id='word_1_723' title='bbox 2455 3057 2634 3110; x_wconf 87' lang='lat' dir='ltr'><strong>sedem</strong></span> <span class='ocrx_word' id='word_1_724' title='bbox 2667 3057 3140 3125; x_wconf 77' lang='lat' dir='ltr'><strong>Noviomagensem</strong></span> <span class='ocrx_word' id='word_1_725' title='bbox 3172 3072 3312 3109; x_wconf 85' lang='lat' dir='ltr'><strong>anno</strong></span> <span class='ocrx_word' id='word_1_726' title='bbox 3343 3056 3466 3120; x_wconf 77' lang='grc'><strong>659,</strong></span> <span class='ocrx_word' id='word_1_727' title='bbox 3503 3059 3658 3126; x_wconf 81' lang='lat' dir='ltr'><strong>eique</strong></span> 
     </span>
    </p>
   </div>
   <div class='ocr_carea' id='block_1_103' title="bbox 2090 3127 3655 3197">
    <p class='ocr_par' dir='ltr' id='par_1_103' title="bbox 2090 3127 3655 3197">
     <span class='ocr_line' id='line_1_104' title="bbox 2090 3127 3655 3197; baseline -0.001 -15"><span class='ocrx_word' id='word_1_728' title='bbox 2090 3131 2298 3197; x_wconf 65' lang='lat' dir='ltr'><strong>pra-fuit</strong></span> <span class='ocrx_word' id='word_1_729' title='bbox 2329 3145 2422 3196; x_wconf 85' lang='lat' dir='ltr'><strong>per</strong></span> <span class='ocrx_word' id='word_1_730' title='bbox 2449 3127 2518 3179; x_wconf 76' lang='lat'><strong>‘26</strong></span> <span class='ocrx_word' id='word_1_731' title='bbox 2549 3142 2746 3190; x_wconf 86' lang='lat' dir='ltr'><strong>annos,</strong></span> <span class='ocrx_word' id='word_1_732' title='bbox 2781 3137 2859 3180; x_wconf 91' lang='lat' dir='ltr'><strong>tes</strong></span> <span class='ocrx_word' id='word_1_733' title='bbox 2883 3139 3005 3182; x_wconf 90' lang='lat' dir='ltr'><strong>ante</strong></span> <span class='ocrx_word' id='word_1_734' title='bbox 3035 3138 3251 3182; x_wconf 87' lang='lat' dir='ltr'><strong>auctore</strong></span> <span class='ocrx_word' id='word_1_735' title='bbox 3283 3127 3418 3181; x_wconf 70' lang='lat' dir='ltr'><strong>Viue</strong></span> <span class='ocrx_word' id='word_1_736' title='bbox 3452 3128 3510 3181; x_wconf 85' lang='grc'><strong>8.</strong></span> <span class='ocrx_word' id='word_1_737' title='bbox 3545 3133 3655 3181; x_wconf 84' lang='grc' dir='ltr'><strong>Λιι-</strong></span> 
     </span>
    </p>
   </div>
   <div class='ocr_carea' id='block_1_104' title="bbox 2087 3199 3652 3266">
    <p class='ocr_par' dir='ltr' id='par_1_104' title="bbox 2087 3199 3652 3266">
     <span class='ocr_line' id='line_1_105' title="bbox 2087 3199 3652 3266; baseline 0.001 -16"><span class='ocrx_word' id='word_1_738' title='bbox 2087 3201 2335 3262; x_wconf 87' lang='lat' dir='ltr'><strong>domari,</strong></span> <span class='ocrx_word' id='word_1_739' title='bbox 2371 3199 2694 3266; x_wconf 83' lang='lat' dir='ltr'><strong>pruindeque</strong></span> <span class='ocrx_word' id='word_1_740' title='bbox 2728 3201 2880 3257; x_wconf 63' lang='lat' dir='ltr'><strong>longe</strong></span> <span class='ocrx_word' id='word_1_741' title='bbox 2910 3207 3035 3251; x_wconf 89' lang='lat' dir='ltr'><strong>ante</strong></span> <span class='ocrx_word' id='word_1_742' title='bbox 3062 3199 3120 3251; x_wconf 88' lang='lat' dir='ltr'><strong>S.</strong></span> <span class='ocrx_word' id='word_1_743' title='bbox 3159 3199 3432 3252; x_wconf 82' lang='lat' dir='ltr'><strong>Bcrtinum</strong></span> <span class='ocrx_word' id='word_1_744' title='bbox 3466 3200 3652 3253; x_wconf 83' lang='lat' dir='ltr'><strong>vivere</strong></span> 
     </span>
    </p>
   </div>
   <div class='ocr_carea' id='block_1_105' title="bbox 2085 3268 3656 3336">
    <p class='ocr_par' dir='ltr' id='par_1_105' title="bbox 2085 3268 3656 3336">
     <span class='ocr_line' id='line_1_106' title="bbox 2085 3268 3656 3336; baseline -0.002 -12"><span class='ocrx_word' id='word_1_745' title='bbox 2085 3272 2263 3324; x_wconf 87' lang='lat' dir='ltr'><strong>desiit.</strong></span> <span class='ocrx_word' id='word_1_746' title='bbox 2315 3269 2617 3322; x_wconf 82' lang='lat' dir='ltr'><strong>Verisimile</strong></span> <span class='ocrx_word' id='word_1_747' title='bbox 2661 3279 2746 3321; x_wconf 88' lang='lat' dir='ltr'><strong>est</strong></span> <span class='ocrx_word' id='word_1_748' title='bbox 2794 3270 3193 3323; x_wconf 77' lang='lat' dir='ltr'><strong>Muttiniolinmn</strong></span> <span class='ocrx_word' id='word_1_749' title='bbox 3249 3285 3342 3336; x_wconf 89' lang='lat' dir='ltr'><strong>per</strong></span> <span class='ocrx_word' id='word_1_750' title='bbox 3385 3283 3554 3321; x_wconf 90' lang='lat' dir='ltr'><strong>annos</strong></span> <span class='ocrx_word' id='word_1_751' title='bbox 3586 3268 3656 3321; x_wconf 68' lang='lat' dir='ltr'><strong>Hi»</strong></span> 
     </span>
    </p>
   </div>
   <div class='ocr_carea' id='block_1_106' title="bbox 2087 3338 3650 3406">
    <p class='ocr_par' dir='ltr' id='par_1_106' title="bbox 2087 3338 3650 3406">
     <span class='ocr_line' id='line_1_107' title="bbox 2087 3338 3650 3406; baseline 0.001 -15"><span class='ocrx_word' id='word_1_752' title='bbox 2087 3349 2213 3394; x_wconf 88' lang='lat' dir='ltr'><strong>ante</strong></span> <span class='ocrx_word' id='word_1_753' title='bbox 2243 3340 2424 3394; x_wconf 86' lang='lat' dir='ltr'><strong>initam</strong></span> <span class='ocrx_word' id='word_1_754' title='bbox 2455 3338 2635 3393; x_wconf 84' lang='lat' dir='ltr'><strong>sedem</strong></span> <span class='ocrx_word' id='word_1_755' title='bbox 2678 3340 3039 3406; x_wconf 82' lang='lat' dir='ltr'><strong>cpiscopaiem</strong></span> <span class='ocrx_word' id='word_1_756' title='bbox 3083 3339 3361 3406; x_wconf 77' lang='lat' dir='ltr'><strong>przel&#39;uisse</strong></span> <span class='ocrx_word' id='word_1_757' title='bbox 3405 3341 3650 3393; x_wconf 88' lang='lat' dir='ltr'><strong>abbatem</strong></span> 
     </span>
    </p>
   </div>
   <div class='ocr_carea' id='block_1_107' title="bbox 2082 3407 3648 3470">
    <p class='ocr_par' dir='ltr' id='par_1_107' title="bbox 2082 3407 3648 3470">
     <span class='ocr_line' id='line_1_108' title="bbox 2082 3407 3648 3470; baseline 0.001 -8"><span class='ocrx_word' id='word_1_758' title='bbox 2082 3414 2248 3464; x_wconf 87' lang='lat' dir='ltr'><strong>veteri</strong></span> <span class='ocrx_word' id='word_1_759' title='bbox 2300 3410 2655 3470; x_wconf 87' lang='lat' dir='ltr'><strong>monasterio,</strong></span> <span class='ocrx_word' id='word_1_760' title='bbox 2688 3421 2742 3462; x_wconf 91' lang='lat' dir='ltr'><strong>et</strong></span> <span class='ocrx_word' id='word_1_761' title='bbox 2770 3423 2951 3462; x_wconf 77' lang='lat' dir='ltr'><strong>Curam</strong></span> <span class='ocrx_word' id='word_1_762' title='bbox 2985 3408 3234 3463; x_wconf 80' lang='lat' dir='ltr'><strong>habuisse</strong></span> <span class='ocrx_word' id='word_1_763' title='bbox 3277 3407 3492 3461; x_wconf 68' lang='lat' dir='ltr'><strong>fabricat</strong></span> <span class='ocrx_word' id='word_1_764' title='bbox 3524 3412 3648 3464; x_wconf 88' lang='lat' dir='ltr'><strong>novi</strong></span> 
     </span>
    </p>
   </div>
   <div class='ocr_carea' id='block_1_108' title="bbox 2079 3477 3650 3543">
    <p class='ocr_par' dir='ltr' id='par_1_108' title="bbox 2079 3477 3650 3543">
     <span class='ocr_line' id='line_1_109' title="bbox 2079 3477 3650 3543; baseline 0.001 -12"><span class='ocrx_word' id='word_1_765' title='bbox 2079 3482 2390 3534; x_wconf 86' lang='lat' dir='ltr'><strong>monasterii</strong></span> <span class='ocrx_word' id='word_1_766' title='bbox 2424 3479 2764 3543; x_wconf 83' lang='lat' dir='ltr'><strong>Sithiuensis,</strong></span> <span class='ocrx_word' id='word_1_767' title='bbox 2795 3478 2838 3532; x_wconf 87' lang='lat' dir='ltr'><strong>si</strong></span> <span class='ocrx_word' id='word_1_768' title='bbox 2869 3493 2972 3532; x_wconf 88' lang='lat' dir='ltr'><strong>non</strong></span> <span class='ocrx_word' id='word_1_769' title='bbox 3016 3490 3191 3533; x_wconf 89' lang='lat' dir='ltr'><strong>tamen</strong></span> <span class='ocrx_word' id='word_1_770' title='bbox 3223 3493 3288 3532; x_wconf 91' lang='lat' dir='ltr'><strong>eo</strong></span> <span class='ocrx_word' id='word_1_771' title='bbox 3315 3477 3413 3531; x_wconf 90' lang='lat' dir='ltr'><strong>loci</strong></span> <span class='ocrx_word' id='word_1_772' title='bbox 3445 3479 3650 3532; x_wconf 83' lang='lat' dir='ltr'><strong>rexisse</strong></span> 
     </span>
    </p>
   </div>
   <div class='ocr_carea' id='block_1_109' title="bbox 2075 3548 3645 3616">
    <p class='ocr_par' dir='ltr' id='par_1_109' title="bbox 2075 3548 3645 3616">
     <span class='ocr_line' id='line_1_110' title="bbox 2075 3548 3645 3616; baseline 0.001 -16"><span class='ocrx_word' id='word_1_773' title='bbox 2075 3551 2394 3612; x_wconf 88' lang='lat' dir='ltr'><strong>monachos,</strong></span> <span class='ocrx_word' id='word_1_774' title='bbox 2444 3549 2544 3601; x_wconf 87' lang='lat' dir='ltr'><strong>nisi</strong></span> <span class='ocrx_word' id='word_1_775' title='bbox 2596 3548 2731 3601; x_wconf 84' lang='lat' dir='ltr'><strong>forte</strong></span> <span class='ocrx_word' id='word_1_776' title='bbox 2775 3549 2840 3600; x_wconf 92' lang='lat' dir='ltr'><strong>ad</strong></span> <span class='ocrx_word' id='word_1_777' title='bbox 2888 3549 3048 3602; x_wconf 86' lang='lat' dir='ltr'><strong>breve</strong></span> <span class='ocrx_word' id='word_1_778' title='bbox 3093 3557 3340 3616; x_wconf 79' lang='lat' dir='ltr'><strong>tempus:</strong></span> <span class='ocrx_word' id='word_1_779' title='bbox 3390 3561 3454 3602; x_wconf 90' lang='lat' dir='ltr'><strong>eo</strong></span> <span class='ocrx_word' id='word_1_780' title='bbox 3501 3552 3645 3616; x_wconf 79' lang='lat' dir='ltr'><strong>quod</strong></span> 
     </span>
    </p>
   </div>
   <div class='ocr_carea' id='block_1_110' title="bbox 2074 3617 3648 3686">
    <p class='ocr_par' dir='ltr' id='par_1_110' title="bbox 2074 3617 3648 3686">
     <span class='ocr_line' id='line_1_111' title="bbox 2074 3617 3648 3686; baseline 0 -19"><span class='ocrx_word' id='word_1_781' title='bbox 2074 3620 2287 3672; x_wconf 81' lang='lat' dir='ltr'><strong>vixdum</strong></span> <span class='ocrx_word' id='word_1_782' title='bbox 2337 3618 2568 3685; x_wconf 76' lang='lat' dir='ltr'><strong>perfecto</strong></span> <span class='ocrx_word' id='word_1_783' title='bbox 2619 3617 2866 3670; x_wconf 72' lang='lat' dir='ltr'><strong>etenobio</strong></span> <span class='ocrx_word' id='word_1_784' title='bbox 2915 3629 3096 3684; x_wconf 87' lang='lat' dir='ltr'><strong>raptus</strong></span> <span class='ocrx_word' id='word_1_785' title='bbox 3145 3620 3212 3670; x_wconf 90' lang='lat' dir='ltr'><strong>sit</strong></span> <span class='ocrx_word' id='word_1_786' title='bbox 3261 3619 3324 3669; x_wconf 88' lang='lat' dir='ltr'><strong>ad</strong></span> <span class='ocrx_word' id='word_1_787' title='bbox 3367 3619 3648 3686; x_wconf 63' lang='lat' dir='ltr'><strong>episcopo-</strong></span> 
     </span>
    </p>
   </div>
   <div class='ocr_carea' id='block_1_111' title="bbox 2072 3687 3646 3757">
    <p class='ocr_par' dir='ltr' id='par_1_111' title="bbox 2072 3687 3646 3757">
     <span class='ocr_line' id='line_1_112' title="bbox 2072 3687 3646 3757; baseline -0.001 -16"><span class='ocrx_word' id='word_1_788' title='bbox 2072 3697 2180 3741; x_wconf 90' lang='lat' dir='ltr'><strong>tum</strong></span> <span class='ocrx_word' id='word_1_789' title='bbox 2212 3704 2226 3752; x_wconf 88' lang='lat'><strong>;</strong></span> <span class='ocrx_word' id='word_1_790' title='bbox 2273 3704 2393 3743; x_wconf 89' lang='lat' dir='ltr'><strong>mox</strong></span> <span class='ocrx_word' id='word_1_791' title='bbox 2421 3703 2547 3741; x_wconf 84' lang='lat' dir='ltr'><strong>vero</strong></span> <span class='ocrx_word' id='word_1_792' title='bbox 2575 3687 2845 3741; x_wconf 86' lang='lat' dir='ltr'><strong>Bertinum</strong></span> <span class='ocrx_word' id='word_1_793' title='bbox 2883 3688 3095 3740; x_wconf 70' lang='lat' dir='ltr'><strong>fabrica:</strong></span> <span class='ocrx_word' id='word_1_794' title='bbox 3132 3703 3432 3756; x_wconf 74' lang='lat' dir='ltr'><strong>supremam</strong></span> <span class='ocrx_word' id='word_1_795' title='bbox 3475 3689 3646 3757; x_wconf 80' lang='lat' dir='ltr'><strong>impo-</strong></span> 
     </span>
    </p>
   </div>
   <div class='ocr_carea' id='block_1_112' title="bbox 2070 3757 3642 3826">
    <p class='ocr_par' dir='ltr' id='par_1_112' title="bbox 2070 3757 3642 3826">
     <span class='ocr_line' id='line_1_113' title="bbox 2070 3757 3642 3826; baseline 0.001 -14"><span class='ocrx_word' id='word_1_796' title='bbox 2070 3760 2246 3816; x_wconf 88' lang='lat' dir='ltr'><strong>suisse</strong></span> <span class='ocrx_word' id='word_1_797' title='bbox 2273 3773 2524 3822; x_wconf 89' lang='lat' dir='ltr'><strong>manum,</strong></span> <span class='ocrx_word' id='word_1_798' title='bbox 2552 3767 2607 3812; x_wconf 89' lang='lat' dir='ltr'><strong>et</strong></span> <span class='ocrx_word' id='word_1_799' title='bbox 2634 3760 2858 3814; x_wconf 81' lang='lat' dir='ltr'><strong>colonia:</strong></span> <span class='ocrx_word' id='word_1_800' title='bbox 2885 3759 3267 3812; x_wconf 88' lang='lat' dir='ltr'><strong>monachorum</strong></span> <span class='ocrx_word' id='word_1_801' title='bbox 3297 3757 3642 3826; x_wconf 65' lang='lat' dir='ltr'><strong>praepositum</strong></span> 
     </span>
    </p>
   </div>
   <div class='ocr_carea' id='block_1_113' title="bbox 2072 3826 3643 3898">
    <p class='ocr_par' dir='ltr' id='par_1_113' title="bbox 2072 3826 3643 3898">
     <span class='ocr_line' id='line_1_114' title="bbox 2072 3826 3643 3898; baseline 0 -18"><span class='ocrx_word' id='word_1_802' title='bbox 2072 3827 2255 3886; x_wconf 63' lang='lat' dir='ltr'><strong>fuisse.</strong></span> <span class='ocrx_word' id='word_1_803' title='bbox 2303 3831 2538 3883; x_wconf 87' lang='lat' dir='ltr'><strong>Decessit</strong></span> <span class='ocrx_word' id='word_1_804' title='bbox 2567 3829 2938 3882; x_wconf 81' lang='lat' dir='ltr'><strong>lllummolinus</strong></span> <span class='ocrx_word' id='word_1_805' title='bbox 2965 3842 3103 3880; x_wconf 87' lang='lat' dir='ltr'><strong>anno</strong></span> <span class='ocrx_word' id='word_1_806' title='bbox 3130 3826 3258 3883; x_wconf 76' lang='grc'><strong>681.</strong></span> <span class='ocrx_word' id='word_1_807' title='bbox 3293 3828 3420 3898; x_wconf 81' lang='lat' dir='ltr'><strong>Ejus</strong></span> <span class='ocrx_word' id='word_1_808' title='bbox 3447 3843 3643 3896; x_wconf 80' lang='lat' dir='ltr'><strong>corpus</strong></span> 
     </span>
    </p>
   </div>
   <div class='ocr_carea' id='block_1_114' title="bbox 2071 3899 3641 3968">
    <p class='ocr_par' dir='ltr' id='par_1_114' title="bbox 2071 3899 3641 3968">
     <span class='ocr_line' id='line_1_115' title="bbox 2071 3899 3641 3968; baseline 0.001 -16"><span class='ocrx_word' id='word_1_809' title='bbox 2071 3899 2122 3952; x_wconf 91' lang='lat' dir='ltr'><strong>in</strong></span> <span class='ocrx_word' id='word_1_810' title='bbox 2171 3900 2358 3968; x_wconf 89' lang='lat' dir='ltr'><strong>majori</strong></span> <span class='ocrx_word' id='word_1_811' title='bbox 2409 3900 2635 3953; x_wconf 88' lang='lat' dir='ltr'><strong>ecclesia</strong></span> <span class='ocrx_word' id='word_1_812' title='bbox 2684 3899 3128 3965; x_wconf 79' lang='lat' dir='ltr'><strong>Noviomageusi,</strong></span> <span class='ocrx_word' id='word_1_813' title='bbox 3181 3915 3300 3963; x_wconf 88' lang='lat' dir='ltr'><strong>pars</strong></span> <span class='ocrx_word' id='word_1_814' title='bbox 3345 3899 3537 3968; x_wconf 87' lang='lat' dir='ltr'><strong>capitis</strong></span> <span class='ocrx_word' id='word_1_815' title='bbox 3587 3899 3641 3954; x_wconf 88' lang='lat' dir='ltr'><strong>in</strong></span> 
     </span>
    </p>
   </div>
   <div class='ocr_carea' id='block_1_115' title="bbox 2070 3969 3643 4026">
    <p class='ocr_par' dir='ltr' id='par_1_115' title="bbox 2070 3969 3643 4026">
     <span class='ocr_line' id='line_1_116' title="bbox 2070 3969 3643 4026; baseline 0.001 -4"><span class='ocrx_word' id='word_1_816' title='bbox 2070 3971 2396 4025; x_wconf 82' lang='lat' dir='ltr'><strong>nionasterio</strong></span> <span class='ocrx_word' id='word_1_817' title='bbox 2422 3970 2710 4024; x_wconf 80' lang='lat' dir='ltr'><strong>Sithiuensi</strong></span> <span class='ocrx_word' id='word_1_818' title='bbox 2741 3982 3062 4024; x_wconf 88' lang='lat' dir='ltr'><strong>asservatur.</strong></span> <span class='ocrx_word' id='word_1_819' title='bbox 3097 3971 3225 4024; x_wconf 87' lang='lat' dir='ltr'><strong>Vide</strong></span> <span class='ocrx_word' id='word_1_820' title='bbox 3251 3969 3422 4025; x_wconf 88' lang='lat' dir='ltr'><strong>Vitam</strong></span> <span class='ocrx_word' id='word_1_821' title='bbox 3445 3971 3502 4024; x_wconf 88' lang='grc'><strong>8.</strong></span> <span class='ocrx_word' id='word_1_822' title='bbox 3533 3973 3643 4026; x_wconf 70' lang='lat' dir='ltr'><strong>Au»</strong></span> 
     </span>
    </p>
   </div>
   <div class='ocr_carea' id='block_1_116' title="bbox 2065 4040 3487 4106">
    <p class='ocr_par' dir='ltr' id='par_1_116' title="bbox 2065 4040 3487 4106">
     <span class='ocr_line' id='line_1_117' title="bbox 2065 4040 3487 4106; baseline 0.001 -12"><span class='ocrx_word' id='word_1_823' title='bbox 2065 4042 2270 4095; x_wconf 89' lang='lat' dir='ltr'><strong>domari</strong></span> <span class='ocrx_word' id='word_1_824' title='bbox 2300 4043 2350 4094; x_wconf 91' lang='lat' dir='ltr'><strong>in</strong></span> <span class='ocrx_word' id='word_1_825' title='bbox 2377 4040 2661 4094; x_wconf 79' lang='lat' dir='ltr'><strong>Mabillonii</strong></span> <span class='ocrx_word' id='word_1_826' title='bbox 2690 4055 2814 4094; x_wconf 87' lang='lat' dir='ltr'><strong>s.ec.</strong></span> <span class='ocrx_word' id='word_1_827' title='bbox 2845 4054 2882 4093; x_wconf 90' lang='lat' dir='ltr'><strong>tt</strong></span> <span class='ocrx_word' id='word_1_828' title='bbox 2911 4042 3026 4094; x_wconf 83' lang='lat' dir='ltr'><strong>Act.</strong></span> <span class='ocrx_word' id='word_1_829' title='bbox 3061 4043 3190 4094; x_wconf 65' lang='lat' dir='ltr'><strong>lien.</strong></span> <span class='ocrx_word' id='word_1_830' title='bbox 3481 4104 3487 4106; x_wconf 97' lang='lat'>_</span> 
     </span>
    </p>
   </div>
   <div class='ocr_carea' id='block_1_117' title="bbox 2145 4109 3642 4167">
    <p class='ocr_par' dir='ltr' id='par_1_117' title="bbox 2145 4109 3642 4167">
     <span class='ocr_line' id='line_1_118' title="bbox 2145 4109 3642 4167; baseline 0.002 -5"><span class='ocrx_word' id='word_1_831' title='bbox 2145 4110 2160 4148; x_wconf 74' lang='grc' dir='ltr'><strong>ί</strong></span> <span class='ocrx_word' id='word_1_832' title='bbox 2193 4110 2415 4164; x_wconf 83' lang='lat' dir='ltr'><strong>Juliani.</strong></span> <span class='ocrx_word' id='word_1_833' title='bbox 2447 4109 2661 4164; x_wconf 70' lang='lat' dir='ltr'><strong>Rei-tius</strong></span> <span class='ocrx_word' id='word_1_834' title='bbox 2691 4113 2825 4166; x_wconf 86' lang='lat' dir='ltr'><strong>forte</strong></span> <span class='ocrx_word' id='word_1_835' title='bbox 2854 4109 3064 4166; x_wconf 83' lang='lat' dir='ltr'><strong>Juuiani</strong></span> <span class='ocrx_word' id='word_1_836' title='bbox 3097 4109 3422 4167; x_wconf 77' lang='lat' dir='ltr'><strong>confessoris</strong></span> <span class='ocrx_word' id='word_1_837' title='bbox 3451 4111 3502 4166; x_wconf 90' lang='lat' dir='ltr'><strong>in</strong></span> <span class='ocrx_word' id='word_1_838' title='bbox 3534 4119 3642 4165; x_wconf 78' lang='lat' dir='ltr'><strong>ter-</strong></span> 
     </span>
    </p>
   </div>
   <div class='ocr_carea' id='block_1_118' title="bbox 2068 4180 3638 4248">
    <p class='ocr_par' dir='ltr' id='par_1_118' title="bbox 2068 4180 3638 4248">
     <span class='ocr_line' id='line_1_119' title="bbox 2068 4180 3638 4248; baseline 0.001 -16"><span class='ocrx_word' id='word_1_839' title='bbox 2068 4180 2254 4234; x_wconf 92' lang='lat' dir='ltr'><strong>ritorio</strong></span> <span class='ocrx_word' id='word_1_840' title='bbox 2287 4182 2649 4235; x_wconf 85' lang='lat' dir='ltr'><strong>Lemoviceusi</strong></span> <span class='ocrx_word' id='word_1_841' title='bbox 2674 4222 2687 4241; x_wconf 88' lang='lat'><strong>,</strong></span> <span class='ocrx_word' id='word_1_842' title='bbox 2719 4184 2805 4248; x_wconf 92' lang='lat' dir='ltr'><strong>qui</strong></span> <span class='ocrx_word' id='word_1_843' title='bbox 2839 4181 2999 4233; x_wconf 88' lang='lat' dir='ltr'><strong>hodie</strong></span> <span class='ocrx_word' id='word_1_844' title='bbox 3043 4182 3254 4234; x_wconf 89' lang='lat' dir='ltr'><strong>colitur.</strong></span> <span class='ocrx_word' id='word_1_845' title='bbox 3303 4180 3541 4235; x_wconf 84' lang='lat' dir='ltr'><strong>Molanus</strong></span> <span class='ocrx_word' id='word_1_846' title='bbox 3585 4183 3638 4235; x_wconf 90' lang='lat' dir='ltr'><strong>in</strong></span> 
     </span>
    </p>
   </div>
   <div class='ocr_carea' id='block_1_119' title="bbox 2072 4249 3638 4319">
    <p class='ocr_par' dir='ltr' id='par_1_119' title="bbox 2072 4249 3638 4319">
     <span class='ocr_line' id='line_1_120' title="bbox 2072 4249 3638 4319; baseline 0.002 -16"><span class='ocrx_word' id='word_1_847' title='bbox 2072 4251 2342 4305; x_wconf 88' lang='lat' dir='ltr'><strong>Natalibus</strong></span> <span class='ocrx_word' id='word_1_848' title='bbox 2371 4255 2468 4305; x_wconf 79' lang='lat' dir='ltr'><strong>SS.</strong></span> <span class='ocrx_word' id='word_1_849' title='bbox 2504 4251 2666 4319; x_wconf 80' lang='lat' dir='ltr'><strong>Belgii</strong></span> <span class='ocrx_word' id='word_1_850' title='bbox 2697 4249 2846 4303; x_wconf 89' lang='lat' dir='ltr'><strong>illum</strong></span> <span class='ocrx_word' id='word_1_851' title='bbox 2877 4249 3150 4305; x_wconf 89' lang='lat' dir='ltr'><strong>Cameraci</strong></span> <span class='ocrx_word' id='word_1_852' title='bbox 3185 4262 3364 4303; x_wconf 90' lang='lat' dir='ltr'><strong>uatum</strong></span> <span class='ocrx_word' id='word_1_853' title='bbox 3413 4252 3466 4305; x_wconf 93' lang='lat' dir='ltr'><strong>in</strong></span> <span class='ocrx_word' id='word_1_854' title='bbox 3508 4252 3638 4306; x_wconf 84' lang='lat' dir='ltr'><strong>soli-</strong></span> 
     </span>
    </p>
   </div>
   <div class='ocr_carea' id='block_1_120' title="bbox 2066 4319 3634 4387">
    <p class='ocr_par' dir='ltr' id='par_1_120' title="bbox 2066 4319 3634 4387">
     <span class='ocr_line' id='line_1_121' title="bbox 2066 4319 3634 4387; baseline 0.003 -16"><span class='ocrx_word' id='word_1_855' title='bbox 2066 4321 2246 4376; x_wconf 86' lang='lat' dir='ltr'><strong>tudine</strong></span> <span class='ocrx_word' id='word_1_856' title='bbox 2290 4323 2429 4387; x_wconf 84' lang='lat' dir='ltr'><strong>apud</strong></span> <span class='ocrx_word' id='word_1_857' title='bbox 2473 4320 2784 4375; x_wconf 80' lang='lat' dir='ltr'><strong>Leuiovicas</strong></span> <span class='ocrx_word' id='word_1_858' title='bbox 2825 4337 2995 4374; x_wconf 84' lang='lat' dir='ltr'><strong>annos</strong></span> <span class='ocrx_word' id='word_1_859' title='bbox 3037 4319 3107 4374; x_wconf 71' lang='grc'><strong>40</strong></span> <span class='ocrx_word' id='word_1_860' title='bbox 3157 4319 3350 4374; x_wconf 74' lang='lat' dir='ltr'><strong>vixisse</strong></span> <span class='ocrx_word' id='word_1_861' title='bbox 3391 4332 3634 4376; x_wconf 86' lang='lat' dir='ltr'><strong>testatur.</strong></span> 
     </span>
    </p>
   </div>
   <div class='ocr_carea' id='block_1_121' title="bbox 2063 4389 3635 4461">
    <p class='ocr_par' dir='ltr' id='par_1_121' title="bbox 2063 4389 3635 4461">
     <span class='ocr_line' id='line_1_122' title="bbox 2063 4389 3635 4461; baseline 0 -17"><span class='ocrx_word' id='word_1_862' title='bbox 2063 4390 2262 4445; x_wconf 86' lang='lat' dir='ltr'><strong>Locum</strong></span> <span class='ocrx_word' id='word_1_863' title='bbox 2292 4392 2408 4461; x_wconf 90' lang='lat' dir='ltr'><strong>ejus</strong></span> <span class='ocrx_word' id='word_1_864' title='bbox 2428 4391 2816 4446; x_wconf 88' lang='lat' dir='ltr'><strong>anachoreseos</strong></span> <span class='ocrx_word' id='word_1_865' title='bbox 2838 4391 3088 4461; x_wconf 84' lang='lat' dir='ltr'><strong>discimus</strong></span> <span class='ocrx_word' id='word_1_866' title='bbox 3115 4407 3178 4446; x_wconf 87' lang='lat' dir='ltr'><strong>ex</strong></span> <span class='ocrx_word' id='word_1_867' title='bbox 3197 4391 3463 4445; x_wconf 90' lang='lat' dir='ltr'><strong>Chronico</strong></span> <span class='ocrx_word' id='word_1_868' title='bbox 3489 4389 3635 4446; x_wconf 79' lang='lat' dir='ltr'><strong>Gau~</strong></span> 
     </span>
    </p>
   </div>
   <div class='ocr_carea' id='block_1_122' title="bbox 2065 4460 3636 4532">
    <p class='ocr_par' dir='ltr' id='par_1_122' title="bbox 2065 4460 3636 4532">
     <span class='ocr_line' id='line_1_123' title="bbox 2065 4460 3636 4532; baseline 0.001 -18"><span class='ocrx_word' id='word_1_869' title='bbox 2065 4463 2182 4516; x_wconf 86' lang='lat' dir='ltr'><strong>tridi</strong></span> <span class='ocrx_word' id='word_1_870' title='bbox 2217 4460 2406 4532; x_wconf 86' lang='lat' dir='ltr'><strong>prioris</strong></span> <span class='ocrx_word' id='word_1_871' title='bbox 2441 4463 2711 4516; x_wconf 81' lang='lat' dir='ltr'><strong>Vosieusis</strong></span> <span class='ocrx_word' id='word_1_872' title='bbox 2733 4505 2747 4527; x_wconf 88' lang='lat'><strong>,</strong></span> <span class='ocrx_word' id='word_1_873' title='bbox 2780 4477 2897 4530; x_wconf 87' lang='lat' dir='ltr'><strong>cap.</strong></span> <span class='ocrx_word' id='word_1_874' title='bbox 2932 4460 2999 4515; x_wconf 78' lang='grc'><strong>15</strong></span> <span class='ocrx_word' id='word_1_875' title='bbox 3026 4463 3092 4516; x_wconf 92' lang='lat' dir='ltr'><strong>de</strong></span> <span class='ocrx_word' id='word_1_876' title='bbox 3127 4463 3334 4532; x_wconf 78' lang='lat' dir='ltr'><strong>Sanctis</strong></span> <span class='ocrx_word' id='word_1_877' title='bbox 3362 4462 3500 4532; x_wconf 86' lang='lat' dir='ltr'><strong>apud</strong></span> <span class='ocrx_word' id='word_1_878' title='bbox 3534 4462 3636 4532; x_wconf 84' lang='lat' dir='ltr'><strong>Le-</strong></span> 
     </span>
    </p>
   </div>
   <div class='ocr_carea' id='block_1_123' title="bbox 2061 4530 3638 4601">
    <p class='ocr_par' dir='ltr' id='par_1_123' title="bbox 2061 4530 3638 4601">
     <span class='ocr_line' id='line_1_124' title="bbox 2061 4530 3638 4601; baseline 0.002 -18"><span class='ocrx_word' id='word_1_879' title='bbox 2061 4530 2295 4588; x_wconf 80' lang='lat' dir='ltr'><strong>movicas</strong></span> <span class='ocrx_word' id='word_1_880' title='bbox 2342 4533 2802 4601; x_wconf 73' lang='lat' dir='ltr'><strong>praeclarioribus,</strong></span> <span class='ocrx_word' id='word_1_881' title='bbox 2856 4533 2942 4586; x_wconf 92' lang='lat' dir='ltr'><strong>ubi</strong></span> <span class='ocrx_word' id='word_1_882' title='bbox 2996 4533 3198 4586; x_wconf 88' lang='lat' dir='ltr'><strong>habet:</strong></span> <span class='ocrx_word' id='word_1_883' title='bbox 3246 4551 3264 4582; x_wconf 71' lang='grc' dir='ltr'>ε</span> <span class='ocrx_word' id='word_1_884' title='bbox 3295 4530 3638 4586; x_wconf 82' lang='lat' dir='ltr'><strong>Comodolia-</strong></span> 
     </span>
    </p>
   </div>
   <div class='ocr_carea' id='block_1_124' title="bbox 2059 4602 3632 4671">
    <p class='ocr_par' dir='ltr' id='par_1_124' title="bbox 2059 4602 3632 4671">
     <span class='ocr_line' id='line_1_125' title="bbox 2059 4602 3632 4671; baseline 0.002 -16"><span class='ocrx_word' id='word_1_885' title='bbox 2059 4618 2248 4658; x_wconf 79' lang='lat' dir='ltr'><strong>censes</strong></span> <span class='ocrx_word' id='word_1_886' title='bbox 2298 4605 2527 4658; x_wconf 84' lang='lat' dir='ltr'><strong>Jnuiano</strong></span> <span class='ocrx_word' id='word_1_887' title='bbox 2572 4604 2798 4671; x_wconf 82' lang='lat' dir='ltr'><strong>jubilant</strong></span> <span class='ocrx_word' id='word_1_888' title='bbox 2841 4619 2961 4656; x_wconf 89' lang='lat' dir='ltr'><strong>cum</strong></span> <span class='ocrx_word' id='word_1_889' title='bbox 3010 4602 3253 4655; x_wconf 68' lang='lat' dir='ltr'><strong>Amantio</strong></span> <span class='ocrx_word' id='word_1_890' title='bbox 3299 4611 3632 4668; x_wconf 66' lang='lat' dir='ltr'><strong>praeceptore</strong></span> 
     </span>
    </p>
   </div>
   <div class='ocr_carea' id='block_1_125' title="bbox 2057 4671 3631 4743">
    <p class='ocr_par' dir='ltr' id='par_1_125' title="bbox 2057 4671 3631 4743">
     <span class='ocr_line' id='line_1_126' title="bbox 2057 4671 3631 4743; baseline 0.001 -18"><span class='ocrx_word' id='word_1_891' title='bbox 2057 4687 2156 4725; x_wconf 79' lang='lat' dir='ltr'><strong>Suo</strong></span> <span class='ocrx_word' id='word_1_892' title='bbox 2184 4691 2196 4725; x_wconf 93' lang='lat'><strong>:</strong></span> <span class='ocrx_word' id='word_1_893' title='bbox 2224 4677 2362 4743; x_wconf 88' lang='lat' dir='ltr'><strong>quod</strong></span> <span class='ocrx_word' id='word_1_894' title='bbox 2396 4674 3032 4743; x_wconf 84' lang='lat' dir='ltr'><strong>videticetnmnasterium</strong></span> <span class='ocrx_word' id='word_1_895' title='bbox 3057 4688 3176 4725; x_wconf 89' lang='lat' dir='ltr'><strong>cum</strong></span> <span class='ocrx_word' id='word_1_896' title='bbox 3200 4673 3424 4727; x_wconf 83' lang='lat' dir='ltr'><strong>ecclesia</strong></span> <span class='ocrx_word' id='word_1_897' title='bbox 3445 4672 3501 4726; x_wconf 89' lang='lat' dir='ltr'><strong>S.</strong></span> <span class='ocrx_word' id='word_1_898' title='bbox 3530 4671 3631 4726; x_wconf 85' lang='lat' dir='ltr'><strong>Pe-</strong></span> 
     </span>
    </p>
   </div>
   <div class='ocr_carea' id='block_1_126' title="bbox 2057 4742 3631 4810">
    <p class='ocr_par' dir='ltr' id='par_1_126' title="bbox 2057 4742 3631 4810">
     <span class='ocr_line' id='line_1_127' title="bbox 2057 4742 3631 4810; baseline 0.002 -16"><span class='ocrx_word' id='word_1_899' title='bbox 2057 4743 2122 4795; x_wconf 90' lang='lat' dir='ltr'><strong>tri</strong></span> <span class='ocrx_word' id='word_1_900' title='bbox 2171 4742 2249 4798; x_wconf 86' lang='lat' dir='ltr'><strong>de</strong></span> <span class='ocrx_word' id='word_1_901' title='bbox 2287 4745 2571 4806; x_wconf 83' lang='lat' dir='ltr'><strong>Quadriviu</strong></span> <span class='ocrx_word' id='word_1_902' title='bbox 2631 4742 2905 4797; x_wconf 69' lang='lat' dir='ltr'><strong>Josl‘redus</strong></span> <span class='ocrx_word' id='word_1_903' title='bbox 2953 4743 3218 4810; x_wconf 88' lang='lat' dir='ltr'><strong>quondam</strong></span> <span class='ocrx_word' id='word_1_904' title='bbox 3267 4743 3631 4797; x_wconf 84' lang='lat' dir='ltr'><strong>thesaurarius</strong></span> 
     </span>
    </p>
   </div>
   <div class='ocr_carea' id='block_1_127' title="bbox 2057 4812 3628 4879">
    <p class='ocr_par' dir='ltr' id='par_1_127' title="bbox 2057 4812 3628 4879">
     <span class='ocr_line' id='line_1_128' title="bbox 2057 4812 3628 4879; baseline 0.003 -15"><span class='ocrx_word' id='word_1_905' title='bbox 2057 4829 2084 4864; x_wconf 86' lang='lat' dir='ltr'><strong>a</strong></span> <span class='ocrx_word' id='word_1_906' title='bbox 2126 4815 2246 4879; x_wconf 89' lang='lat' dir='ltr'><strong>jure</strong></span> <span class='ocrx_word' id='word_1_907' title='bbox 2291 4818 2347 4867; x_wconf 84' lang='grc'><strong>8.</strong></span> <span class='ocrx_word' id='word_1_908' title='bbox 2383 4812 2632 4866; x_wconf 79' lang='lat' dir='ltr'><strong>Martialis</strong></span> <span class='ocrx_word' id='word_1_909' title='bbox 2684 4813 2865 4866; x_wconf 88' lang='lat' dir='ltr'><strong>fraude</strong></span> <span class='ocrx_word' id='word_1_910' title='bbox 2911 4814 3146 4866; x_wconf 88' lang='lat' dir='ltr'><strong>abstulit.</strong></span> <span class='ocrx_word' id='word_1_911' title='bbox 3181 4832 3198 4863; x_wconf 68' lang='grc' dir='ltr'>ι</span> <span class='ocrx_word' id='word_1_912' title='bbox 3235 4813 3526 4866; x_wconf 85' lang='lat' dir='ltr'><strong>Ecclesiam</strong></span> <span class='ocrx_word' id='word_1_913' title='bbox 3577 4817 3628 4868; x_wconf 90' lang='lat' dir='ltr'><strong>in</strong></span> 
     </span>
    </p>
   </div>
   <div class='ocr_carea' id='block_1_128' title="bbox 2054 4881 3625 4951">
    <p class='ocr_par' dir='ltr' id='par_1_128' title="bbox 2054 4881 3625 4951">
     <span class='ocr_line' id='line_1_129' title="bbox 2054 4881 3625 4951; baseline 0.001 -15"><span class='ocrx_word' id='word_1_914' title='bbox 2054 4899 2154 4951; x_wconf 86' lang='lat' dir='ltr'><strong>qua</strong></span> <span class='ocrx_word' id='word_1_915' title='bbox 2187 4887 2429 4951; x_wconf 82' lang='lat' dir='ltr'><strong>sepultus</strong></span> <span class='ocrx_word' id='word_1_916' title='bbox 2455 4884 2552 4936; x_wconf 90' lang='lat' dir='ltr'><strong>fuit</strong></span> <span class='ocrx_word' id='word_1_917' title='bbox 2578 4893 2951 4936; x_wconf 80' lang='lat' dir='ltr'><strong>construxerat</strong></span> <span class='ocrx_word' id='word_1_918' title='bbox 2979 4884 3226 4936; x_wconf 72' lang='lat' dir='ltr'><strong>Ruricius</strong></span> <span class='ocrx_word' id='word_1_919' title='bbox 3253 4881 3432 4949; x_wconf 91' lang='lat' dir='ltr'><strong>juuior</strong></span> <span class='ocrx_word' id='word_1_920' title='bbox 3459 4885 3625 4951; x_wconf 87' lang='lat' dir='ltr'><strong>cpisc.</strong></span> 
     </span>
    </p>
   </div>
   <div class='ocr_carea' id='block_1_129' title="bbox 2056 4951 3626 5021">
    <p class='ocr_par' dir='ltr' id='par_1_129' title="bbox 2056 4951 3626 5021">
     <span class='ocr_line' id='line_1_130' title="bbox 2056 4951 3626 5021; baseline -0.001 -14"><span class='ocrx_word' id='word_1_921' title='bbox 2056 4955 2349 5018; x_wconf 80' lang='lat' dir='ltr'><strong>Lemuv.c.,</strong></span> <span class='ocrx_word' id='word_1_922' title='bbox 2391 4969 2547 5021; x_wconf 90' lang='lat' dir='ltr'><strong>quem</strong></span> <span class='ocrx_word' id='word_1_923' title='bbox 2581 4956 2660 5004; x_wconf 91' lang='lat' dir='ltr'><strong>vir</strong></span> <span class='ocrx_word' id='word_1_924' title='bbox 2689 4968 2905 5007; x_wconf 77' lang='lat' dir='ltr'><strong>saucth</strong></span> <span class='ocrx_word' id='word_1_925' title='bbox 2944 4970 2971 5002; x_wconf 89' lang='lat' dir='ltr'><strong>a</strong></span> <span class='ocrx_word' id='word_1_926' title='bbox 3014 4953 3257 5006; x_wconf 70' lang='lat' dir='ltr'><strong>dzemone</strong></span> <span class='ocrx_word' id='word_1_927' title='bbox 3288 4951 3626 5006; x_wconf 88' lang='lat' dir='ltr'><strong>liberaverat.</strong></span> 
     </span>
    </p>
   </div>
   <div class='ocr_carea' id='block_1_130' title="bbox 2056 5023 3628 5080">
    <p class='ocr_par' dir='ltr' id='par_1_130' title="bbox 2056 5023 3628 5080">
     <span class='ocr_line' id='line_1_131' title="bbox 2056 5023 3628 5080; baseline 0.001 -3"><span class='ocrx_word' id='word_1_928' title='bbox 2056 5024 2258 5078; x_wconf 81' lang='lat' dir='ltr'><strong>Floruit</strong></span> <span class='ocrx_word' id='word_1_929' title='bbox 2298 5039 2418 5079; x_wconf 92' lang='lat' dir='ltr'><strong>cum</strong></span> <span class='ocrx_word' id='word_1_930' title='bbox 2467 5025 2523 5078; x_wconf 87' lang='grc'><strong>8.</strong></span> <span class='ocrx_word' id='word_1_931' title='bbox 2558 5025 2799 5078; x_wconf 83' lang='lat' dir='ltr'><strong>Amando</strong></span> <span class='ocrx_word' id='word_1_932' title='bbox 2842 5026 3066 5078; x_wconf 90' lang='lat' dir='ltr'><strong>eremita</strong></span> <span class='ocrx_word' id='word_1_933' title='bbox 3095 5025 3196 5077; x_wconf 91' lang='lat' dir='ltr'><strong>sub</strong></span> <span class='ocrx_word' id='word_1_934' title='bbox 3223 5023 3494 5078; x_wconf 85' lang='lat' dir='ltr'><strong>Clodoveo</strong></span> <span class='ocrx_word' id='word_1_935' title='bbox 3527 5025 3544 5078; x_wconf 93' lang='lat' dir='ltr'><strong>I</strong></span> <span class='ocrx_word' id='word_1_936' title='bbox 3575 5035 3628 5080; x_wconf 89' lang='lat' dir='ltr'><strong>et</strong></span> 
     </span>
    </p>
   </div>
   <div class='ocr_carea' id='block_1_131' title="bbox 2050 5097 2336 5149">
    <p class='ocr_par' dir='ltr' id='par_1_131' title="bbox 2050 5097 2336 5149">
     <span class='ocr_line' id='line_1_132' title="bbox 2050 5097 2336 5149; baseline -0.003 0"><span class='ocrx_word' id='word_1_937' title='bbox 2050 5097 2168 5149; x_wconf 82' lang='lat' dir='ltr'><strong>eius</strong></span> <span class='ocrx_word' id='word_1_938' title='bbox 2198 5097 2336 5149; x_wconf 72' lang='lat' dir='ltr'><strong>libis.</strong></span> 
     </span>
    </p>
   </div>
   <div class='ocr_carea' id='block_1_132' title="bbox 2082 5113 3626 5234">
    <p class='ocr_par' dir='ltr' id='par_1_132' title="bbox 2082 5113 3626 5234">
     <span class='ocr_line' id='line_1_133' title="bbox 2082 5113 3626 5234; baseline 0.001 -16"><span class='ocrx_word' id='word_1_939' title='bbox 2082 5113 2479 5219; x_wconf 48' lang='lat' dir='ltr'><strong>J&#39;is’iliiﬁuart.</strong></span> <span class='ocrx_word' id='word_1_940' title='bbox 2515 5165 2611 5217; x_wconf 91' lang='lat' dir='ltr'><strong>llic</strong></span> <span class='ocrx_word' id='word_1_941' title='bbox 2642 5164 2848 5219; x_wconf 89' lang='lat' dir='ltr'><strong>videtur</strong></span> <span class='ocrx_word' id='word_1_942' title='bbox 2879 5162 3020 5218; x_wconf 87' lang='lat' dir='ltr'><strong>idem</strong></span> <span class='ocrx_word' id='word_1_943' title='bbox 3050 5178 3170 5217; x_wconf 90' lang='lat' dir='ltr'><strong>cum</strong></span> <span class='ocrx_word' id='word_1_944' title='bbox 3203 5178 3271 5218; x_wconf 92' lang='lat' dir='ltr'><strong>eo</strong></span> <span class='ocrx_word' id='word_1_945' title='bbox 3298 5165 3386 5234; x_wconf 91' lang='lat' dir='ltr'><strong>qui</strong></span> <span class='ocrx_word' id='word_1_946' title='bbox 3435 5166 3626 5234; x_wconf 84' lang='lat' dir='ltr'><strong>postri-</strong></span> 
     </span>
    </p>
   </div>
   <div class='ocr_carea' id='block_1_133' title="bbox 2051 5236 2736 5292">
    <p class='ocr_par' dir='ltr' id='par_1_133' title="bbox 2051 5236 2736 5292">
     <span class='ocr_line' id='line_1_134' title="bbox 2051 5236 2736 5292; baseline -0.007 -1"><span class='ocrx_word' id='word_1_947' title='bbox 2051 5237 2139 5292; x_wconf 86' lang='lat' dir='ltr'><strong>die</strong></span> <span class='ocrx_word' id='word_1_948' title='bbox 2179 5236 2496 5290; x_wconf 71' lang='lat' dir='ltr'><strong>Nicuutediae</strong></span> <span class='ocrx_word' id='word_1_949' title='bbox 2527 5237 2736 5288; x_wconf 87' lang='lat' dir='ltr'><strong>colitur.</strong></span> 
     </span>
    </p>
   </div>
   <div class='ocr_carea' id='block_1_134' title="bbox 2124 5300 3628 5374">
    <p class='ocr_par' dir='ltr' id='par_1_134' title="bbox 2124 5300 3628 5374">
     <span class='ocr_line' id='line_1_135' title="bbox 2124 5300 3628 5374; baseline -0.005 -12"><span class='ocrx_word' id='word_1_950' title='bbox 2124 5305 2154 5344; x_wconf 67' lang='grc'><strong><em>⁸³</em></strong></span> <span class='ocrx_word' id='word_1_951' title='bbox 2196 5307 2416 5362; x_wconf 80' lang='lat' dir='ltr'><strong>Silvani.</strong></span> <span class='ocrx_word' id='word_1_952' title='bbox 2462 5307 2600 5360; x_wconf 88' lang='lat' dir='ltr'><strong>Idem</strong></span> <span class='ocrx_word' id='word_1_953' title='bbox 2644 5307 2780 5360; x_wconf 87' lang='lat' dir='ltr'><strong>forte</strong></span> <span class='ocrx_word' id='word_1_954' title='bbox 2819 5319 2939 5358; x_wconf 90' lang='lat' dir='ltr'><strong>cum</strong></span> <span class='ocrx_word' id='word_1_955' title='bbox 2977 5319 3042 5358; x_wconf 88' lang='lat' dir='ltr'><strong>eo</strong></span> <span class='ocrx_word' id='word_1_956' title='bbox 3081 5305 3169 5374; x_wconf 92' lang='lat' dir='ltr'><strong>qui</strong></span> <span class='ocrx_word' id='word_1_957' title='bbox 3213 5305 3352 5371; x_wconf 88' lang='lat' dir='ltr'><strong>apud</strong></span> <span class='ocrx_word' id='word_1_958' title='bbox 3397 5300 3628 5357; x_wconf 83' lang='lat' dir='ltr'><strong>Ferrarii</strong></span> 
     </span>
    </p>
   </div>
   <div class='ocr_carea' id='block_1_135' title="bbox 2050 5375 3628 5447">
    <p class='ocr_par' dir='ltr' id='par_1_135' title="bbox 2050 5375 3628 5447">
     <span class='ocr_line' id='line_1_136' title="bbox 2050 5375 3628 5447; baseline -0.006 -15"><span class='ocrx_word' id='word_1_959' title='bbox 2050 5376 2225 5432; x_wconf 86' lang='lat' dir='ltr'><strong>Catal.</strong></span> <span class='ocrx_word' id='word_1_960' title='bbox 2254 5378 2450 5433; x_wconf 87' lang='lat' dir='ltr'><strong>Gener.</strong></span> <span class='ocrx_word' id='word_1_961' title='bbox 2480 5379 2756 5447; x_wconf 86' lang='lat' dir='ltr'><strong>Sylvarius</strong></span> <span class='ocrx_word' id='word_1_962' title='bbox 2780 5375 2992 5447; x_wconf 86' lang='lat' dir='ltr'><strong>dicitur.</strong></span> <span class='ocrx_word' id='word_1_963' title='bbox 3021 5376 3177 5447; x_wconf 81' lang='lat' dir='ltr'><strong>l’atet</strong></span> <span class='ocrx_word' id='word_1_964' title='bbox 3211 5391 3277 5447; x_wconf 82' lang='lat' dir='ltr'><strong>ex</strong></span> <span class='ocrx_word' id='word_1_965' title='bbox 3308 5375 3628 5447; x_wconf 79' lang='lat' dir='ltr'><strong>Kalendariu</strong></span> 
     </span>
    </p>
   </div>
   <div class='ocr_carea' id='block_1_136' title="bbox 2051 5443 3626 5514">
    <p class='ocr_par' dir='ltr' id='par_1_136' title="bbox 2051 5443 3626 5514">
     <span class='ocr_line' id='line_1_137' title="bbox 2051 5443 3626 5514; baseline -0.006 -9"><span class='ocrx_word' id='word_1_966' title='bbox 2051 5449 2418 5505; x_wconf 83' lang='lat' dir='ltr'><strong>Lemovicensi</strong></span> <span class='ocrx_word' id='word_1_967' title='bbox 2446 5456 2502 5502; x_wconf 89' lang='lat' dir='ltr'><strong>et</strong></span> <span class='ocrx_word' id='word_1_968' title='bbox 2523 5443 2763 5502; x_wconf 78' lang='lat' dir='ltr'><strong>Monum.</strong></span> <span class='ocrx_word' id='word_1_969' title='bbox 2793 5446 3032 5514; x_wconf 74' lang='lat' dir='ltr'><strong>Ageduni</strong></span> <span class='ocrx_word' id='word_1_970' title='bbox 3053 5487 3068 5510; x_wconf 85' lang='lat'><strong>,</strong></span> <span class='ocrx_word' id='word_1_971' title='bbox 3095 5446 3235 5514; x_wconf 91' lang='lat' dir='ltr'><strong>quod</strong></span> <span class='ocrx_word' id='word_1_972' title='bbox 3260 5457 3342 5501; x_wconf 85' lang='lat' dir='ltr'><strong>est</strong></span> <span class='ocrx_word' id='word_1_973' title='bbox 3370 5443 3626 5514; x_wconf 87' lang='lat' dir='ltr'><strong>oppidum</strong></span> 
     </span>
    </p>
   </div>
   <div class='ocr_carea' id='block_1_137' title="bbox 2051 5516 3630 5583">
    <p class='ocr_par' dir='ltr' id='par_1_137' title="bbox 2051 5516 3630 5583">
     <span class='ocr_line' id='line_1_138' title="bbox 2051 5516 3630 5583; baseline -0.004 -8"><span class='ocrx_word' id='word_1_974' title='bbox 2051 5521 2297 5575; x_wconf 77' lang='lat' dir='ltr'><strong>ditecesis</strong></span> <span class='ocrx_word' id='word_1_975' title='bbox 2338 5517 2764 5580; x_wconf 85' lang='lat' dir='ltr'><strong>Lemoviceusis,</strong></span> <span class='ocrx_word' id='word_1_976' title='bbox 2809 5516 2896 5570; x_wconf 91' lang='lat' dir='ltr'><strong>ubi</strong></span> <span class='ocrx_word' id='word_1_977' title='bbox 2947 5518 2990 5569; x_wconf 92' lang='lat' dir='ltr'><strong>is</strong></span> <span class='ocrx_word' id='word_1_978' title='bbox 3020 5530 3206 5583; x_wconf 84' lang='lat' dir='ltr'><strong>passus</strong></span> <span class='ocrx_word' id='word_1_979' title='bbox 3229 5516 3477 5579; x_wconf 87' lang='lat' dir='ltr'><strong>traditur,</strong></span> <span class='ocrx_word' id='word_1_980' title='bbox 3507 5530 3630 5568; x_wconf 88' lang='lat' dir='ltr'><strong>eum</strong></span> 
     </span>
    </p>
   </div>
   <div class='ocr_carea' id='block_1_138' title="bbox 2011 5586 3627 5674">
    <p class='ocr_par' dir='ltr' id='par_1_138' title="bbox 2011 5586 3627 5674">
     <span class='ocr_line' id='line_1_139' title="bbox 2011 5586 3627 5674; baseline -0.002 -30"><span class='ocrx_word' id='word_1_981' title='bbox 2011 5603 2016 5612; x_wconf 84' lang='lat'>&#39;</span> <span class='ocrx_word' id='word_1_982' title='bbox 2049 5591 2150 5670; x_wconf 79' lang='lat' dir='ltr'><strong>sub</strong></span> <span class='ocrx_word' id='word_1_983' title='bbox 2177 5589 2465 5674; x_wconf 76' lang='lat' dir='ltr'><strong>Aureliano</strong></span> <span class='ocrx_word' id='word_1_984' title='bbox 2492 5587 2812 5658; x_wconf 86' lang='lat' dir='ltr'><strong>imperatore</strong></span> <span class='ocrx_word' id='word_1_985' title='bbox 2840 5595 2896 5642; x_wconf 89' lang='lat' dir='ltr'><strong>et</strong></span> <span class='ocrx_word' id='word_1_986' title='bbox 2938 5586 3179 5643; x_wconf 84' lang='lat' dir='ltr'><strong>Heraclio</strong></span> <span class='ocrx_word' id='word_1_987' title='bbox 3244 5586 3436 5640; x_wconf 69' lang='lat' dir='ltr'><strong>raesidc</strong></span> <span class='ocrx_word' id='word_1_988' title='bbox 3481 5599 3627 5674; x_wconf 73' lang='lat' dir='ltr'><strong>mar-</strong></span> 
     </span>
    </p>
   </div>
   <div class='ocr_carea' id='block_1_139' title="bbox 2053 5660 2514 5733">
    <p class='ocr_par' dir='ltr' id='par_1_139' title="bbox 2053 5660 2514 5733">
     <span class='ocr_line' id='line_1_140' title="bbox 2053 5660 2514 5733; baseline 0 -19"><span class='ocrx_word' id='word_1_989' title='bbox 2053 5661 2244 5733; x_wconf 87' lang='lat' dir='ltr'><strong>lyrium</strong></span> <span class='ocrx_word' id='word_1_990' title='bbox 2271 5660 2514 5716; x_wconf 83' lang='lat' dir='ltr'><strong>subiisse.</strong></span> 
     </span>
    </p>
   </div>
  </div>
