4054 6190
351 349 484 403 10ἲῖ

1486 332 1677 389 SEC’I‘.
1722 330 1780 383 ll.
1824 358 1891 369 —-
1923 325 2471 381 MARTVROLOGIA.

3469 316 3604 371 teis

1546 441 1773 496 EDI'I'IO
1809 439 2264 494 COLONIENSIS.

347 566 489 614 mre,
522 548 786 603 animatus
814 543 879 598 ad
911 541 1249 596 tolerantiam
1280 536 1603 603 passionum,
1654 531 1828 585 oravit
1852 529 1916 583 ad
1946 538 1995 596 Α
2026 536 2145 597 teri,
2175 531 2374 585 Callisti
2409 544 2575 598 papm,
2622 528 2709 597 qui
2740 543 2859 581 cum
2888 541 3079 592 corpus
3116 539 3229 592 ejus
3258 520 3485 574 levatum
3535 520 3604 572 de

348 640 653 703 Dominum,
684 646 743 691 ut
772 636 816 689 si
848 648 943 702 pro
990 640 1137 686 certo
1181 644 1300 683 cum
1332 626 1549 697 dignum
1582 622 1746 692 gloria
1780 636 1924 675 mar-

348 733 469 801 tyrii
497 729 783 799 judicaret,
826 740 890 779 ex
930 722 1108 793 lapide
1145 720 1415 789 spelunca:
1453 715 1591 769 illius
1632 729 1768 782 aqua
1811 712 1929 765 lim-

351 823 627 892 pidissima
675 828 969 875 emanaret.
1020 812 1171 881 Quod
1214 827 1335 866 cum
1387 810 1641 864 Dominus
1678 804 1931 861 continuo

355 912 711 978 priestitisset,
743 908 832 963 ille
858 921 1082 961 securus
1111 904 1175 957 ad
1205 918 1381 957 arcam
1405 898 1709 956 certaminis
1740 910 1927 965 prope-

354 1003 514 1070 ravit,
539 1013 592 1057 et
621 1002 848 1071 palmam
885 998 1124 1068 martyrii
1154 996 1363 1050 fortiter
1387 992 1687 1047 dimicando
1719 1003 1929 1060 prome-

355 1094 478 1152 ruit.
511 1096 639 1149 Item
671 1094 844 1147 natale
867 1091 1148 1158 Simplicii.

352 1222 353 1225 η
424 1185 492 1241 G.
517 1185 610 1239 XII
636 1185 875 1239 KALEND.
906 1182 1147 1237 Novem.
1175 1208 1246 1221 —-
1270 1178 1418 1247 Apud
1445 1175 1804 1232 Nicomediam
1838 1188 1931 1227 na-

357 1278 465 1332 tale
494 1286 797 1331 sanctocum
842 1284 1133 1345 martyrum
1181 1272 1346 1337 Dasii,
1380 1270 1567 1334 Zotici,
1624 1267 1765 1334 Gaii,
1808 1280 1929 1321 cum

356 1373 637 1428 duodecim
667 1369 942 1425 militibus.
978 1368 1175 1422 Eodem
1220 1366 1307 1419 die
1347 1364 1517 1418 sancti
1560 1361 1724 1430 patris
1765 1358 1929 1413 nostri

361 1461 667 1525 Hilarionis,
716 1459 868 1527 cujus
911 1457 1072 1510 vitam
1120 1454 1474 1523 Ilieronymus
1507 1449 1789 1503 virtutibus
1822 1448 1930 1514 ple-

359 1568 483 1607 nam
506 1551 841 1617 conscripsit.
901 1548 1028 1604 Item
1079 1546 1254 1601 natale
1282 1543 1450 1600 sancti
1479 1539 1675 1595 Asterii
1710 1538 1928 1607 presby-

2029 633 2188 690 puteo
2208 621 2507 689 sepelisset,
2538 628 2654 688 post
2672 618 2787 672 dies
2807 633 2897 670 scx
2923 615 3145 669 audiens
3170 613 3271 666 hoc
3298 611 3608 665 Alexander

2031 716 2343 779 imperator,
2391 708 2644 776 praecepit
2689 724 2808 760 eum
2858 720 2951 774 per
3001 713 3213 772 pontem
3263 700 3603 769 pra-cipitari.

2031 802 2194 871 Cujus
2224 816 2419 870 corpus
2442 800 2713 853 inventum
2739 807 2843 861 est,
2877 804 2930 850 et
2956 811 2985 849 a
3008 794 3321 864 quihusdam
3349 790 3608 846 Christia-

2034 895 2115 948 nis
2139 895 2190 947 in
2221 893 2405 947 eadem
2438 890 2652 944 civitate
2677 892 2966 956 sepultum.
2998 887 3264 955 Scriptum
3290 894 3370 938 est
3406 885 3457 936 in
3492 899 3610 951 pas-

2034 984 2184 1039 sione
2214 983 2381 1038 sancti
2410 983 2632 1047 Cnllisti,
2678 992 2731 1035 et
2767 982 3020 1035 transitus
3057 980 3223 1033 sancti
3256 978 3481 1032 Viatoris
3535 977 3610 1030 le-

2035 1075 2218 1130 ctoris.
2250 1075 2305 1127 In
2336 1071 2556 1127 Colonia
2587 1080 2890 1125 sanctarum
2921 1070 3179 1139 virginum
3217 1069 3467 1122 undecim
3495 1066 3611 1119 mil»

2035 1168 2182 1221 lium.

2112 1262 2173 1315 A.
2236 1256 2305 1311 XI
2372 1257 2612 1310 Κιιιειιι).
2675 1255 2911 1308 Nomm.
2964 1283 3035 1294 -—
3073 1254 3417 1323 Jerosolymts
3470 1252 3611 1306 oeati

2037 1351 2220 1419 Marci,
2248 1350 2337 1421 qui
2367 1351 2565 1417 primus
2589 1347 2934 1417 JcrOSonmis
2960 1361 3026 1400 ex
3053 1346 3298 1414 gentibus
3332 1351 3451 1412 post
3498 1343 3615 1409 cpi-

2037 1458 2229 1513 scopos
2257 1458 2322 1497 ex
2356 1441 2760 1495 circumcisione
2806 1438 3161 1494 sacerdotium
3194 1437 3423 1492 civitatis
3471 1435 3611 1489 illius

2038 1537 2259 1603 accepit,
2290 1534 2569 1589 clarissimi
2612 1543 2666 1589 et
2711 1532 3004 1587 doctissimi
3036 1531 3156 1599 viri,
3204 1545 3265 1584 ac
3313 1545 3418 1583 non
3450 1528 3619 1582 multo

1592 1629 1817 1685 EDITIO
1859 1626 2366 1682 BOLLANDIANA.

360 1736 479 1803 ιγ..
507 1730 803 1803 Dorothei].
833 1731 897 1785 V.
922 1731 1009 1797 C.,
1033 1728 1172 1803 Ali_b_i
1194 1725 1351 1803 Ut_icii_
1376 1719 1764 1803 [C.,_Eut.i.cis_]_.
1791 1722 1929 1803 Μετ-
1962 1723 2007 1781 Β
2040 1720 2185 1787 cepit
2211 1733 2331 1772 eum
2367 1732 2462 1785 per
2493 1724 2710 1787 pontem
2743 1713 3062 1784 praecipitari
3089 1731 3103 1769 :
3131 1713 3284 1782 cujus
3314 1710 3615 1803 corpnsin-

358 1792 557 1861 cellini.
591 1808 655 1858 A.
683 1804 747 1857 Τ.
775 1792 863 1866 L.,
896 1792 1077 1854 Natale
1101 1798 1199 1853 ss.
1237 1792 1463 1860 suum,
1498 1794 1671 1866 I_.uc_ii,
1698 1792 1926 1866 AliIarccl-

362 1876 506 1929 Iiani.
535 1876 619 1935 Β..
650 1875 704 1927 In
730 1862 1030 1926 Nicomedia
1063 1868 1228 1923 Eutici
1249 1905 1262 1927 ,
1293 1864 1524 1921 Promati
1548 1906 1561 1928 ,
1588 1863 1766 1929 Lucii,
1793 1862 1928 1915 Mar-

360 1946 559 2000 cellini.
595 1945 679 2008 D.,
715 1940 990 1997 Antiochia
1026 1941 1262 2001 Beroray,
1298 1946 1322 1972 ι
1360 1937 1583 2008 Pelagia}
1615 1942 1668 1986 et
1697 1936 1923 2008 aliorum

358 2004 704 2085 quadraginta
738 2012 1082 2085 novem._B.,_
1104 2009 1286 2085 Retine
1317 2007 1487 2085 natale
1510 2004 1751 2085 ιλιι-διεςξὶ
1780 2017 1930 2082 pres:

361 2074 662 2155 liyteriSA.
706 2084 768 2138 Τ.
816 2082 913 2145 L.,
957 2081 1013 2134 In
1060 2076 1479 2155 Agiiuioupassio
1519 2075 1578 2130 S.
1626 2084 1648 2112 ο
1695 2074 1927 2142 Caprasii

364 2147 635 2224 martyris.
672 2154 729 2207 Β.
763 2161 1055 2221 ριέιξιιοιτιι,
1090 2150 1142 2201 In
1172 2147 1376 2201 Galliis.

434 2244 525 2298 2i.
556 2272 627 2285 -—
656 2241 749 2296 XII
780 2241 916 2295 Kac.
948 2240 1131 2295 Sancti
1164 2238 1332 2291 Patris
1358 2235 1529 2290 nostri
1559 2238 1585 2276 ἀ
1617 2230 1903 2288 Hilarionis
1926 2274 1941 2298 ,

367 2336 522 2405 cujus
550 2335 730 2390 Vitam
765 2335 1119 2403 Ilieronymus
1146 2331 1435 2386 virtutibus
1463 2329 1673 2397 plenam
1703 2326 1938 2394 scripsit.

367 2425 571 2480 Eodem
609 2424 695 2478 die
733 2423 908 2477 natale
948 2422 1004 2477 S.
1048 2419 1239 2473 Asterii
1266 2459 1283 2486 ,
1326 2414 1617 2487 presbyteri
1648 2427 1667 2448 °
1715 2413 1941 2479 Calixti,

367 2515 457 2581 qui
501 2528 621 2568 cum
657 2527 853 2581 corpus
896 2511 1011 2579 ejus
1045 2512 1311 2565 elevatum
1342 2507 1410 2562 de
1440 2514 1605 2577 puteo
1633 2504 1943 2574 sepelisset,

369 2612 494 2672 post
515 2602 629 2657 dies
651 2616 743 2657 sex
770 2600 994 2656 audiens
1019 2600 1121 2654 hoc
1149 2596 1449 2654 Alexander
1473 2597 1781 2665 imperator,
1810 2609 1947 2661 prae-

2036 1819 2257 1865 ventum
2298 1818 2413 1873 est,
2459 1816 2513 1861 et
2555 1820 2585 1861 a
2626 1806 2939 1876 quibusdam
2983 1804 3300 1859 Christianis
3327 1805 3380 1857 in
3426 1802 3618 1857 eadem

2039 1904 2253 1958 civitate
2299 1901 2586 1971 sepultum.
2611 1898 2879 1969 Scriptum
2926 1899 2976 1951 in
3022 1897 3274 1952 Passione
3305 1897 3363 1951 S.
3422 1895 3618 1949 Calixti

2041 2008 2215 2063 papas.

2114 2085 2177 2136 A.
2201 2081 2264 2135 Τ.
2296 2081 2378 2147 L.,
2418 2082 2472 2136 In
2499 2081 2719 2137 Colonia
2752 2079 3036 2151 Agrippina
3086 2079 3261 2151 passio
3309 2086 3612 2132 sanctorum

2043 2154 2285 2207 undecim
2316 2153 2535 2206 millium
2562 2150 2886 2219 f'virginum.
2920 2151 2982 2203 Et
3013 2151 3125 2204 hmc
3154 2150 3322 2219 primo
3352 2151 3466 2202 loco
3494 2164 3615 2202 cum

2046 2224 2215 2289 aliqua
2246 2223 2582 2277 diversitate:
2629 2218 2811 2275 ultimo
2843 2231 3016 2274 autem
3050 2223 3165 2273 loco
3197 2220 3245 2272 in
3289 2218 3349 2271 L.
3371 2218 3617 2273 additur:

2050 2295 2114 2347 Et
2141 2294 2200 2348 S.
2224 2303 2248 2339 8
2275 2292 2495 2346 Cilinite.
2528 2293 2613 2357 B.,
2645 2292 2698 2345 In
2728 2291 2882 2345 Nicea
2918 2291 3173 2361 Bithynia:
3205 2290 3377 2343 natale
3408 2290 3617 2361 Maelia-

2050 2364 2134 2427 rii,
2172 2364 2398 2427 Proculi,
2434 2361 2655 2416 Modesti
2685 2377 2804 2416 cum
2835 2361 2953 2415 aliis
2978 2360 3220 2415 ducentis
3258 2360 3612 2427 septuaginta.

2052 2433 2287 2502 Lugduni
2312 2433 2498 2488 Gallia:
2524 2432 2694 2486 natale
2727 2433 2785 2485 Β.
2809 2430 2836 2469 ιι
2864 2432 3091 2502 Viatoris
3121 2431 3265 2497 pueri
3295 2440 3347 2483 ct
3374 2429 3624 2498 discipuli

2049 2504 2107 2559 S.
2129 2501 2264 2558 Justi
2292 2504 2546 2572 episcopi.
2580 2504 2632 2555 In
2663 2504 2834 2557 Africa
2867 2501 3105 2566 Modesti,
3142 2502 3331 2553 Eulici.

2122 2593 2212 2649 22.
2236 2594 2395 2649 -ΧΙ
2434 2593 2567 2649 Kac.
2615 2594 2774 2648 Vacat
2800 2594 2972 2647 Bieda.

1761 2681 1967 2737 SMITH
2004 2682 2233 2737 NOTAE.

438 2776 466 2805 ⁸
495 2774 741 2845 Pelagia}.
772 2773 847 2827 De
877 2774 974 2827 hac
1003 2772 1171 2845 pridie
1202 2775 1391 2845 agitur.

439 2856 470 2897 ι)
494 2843 697 2898 Asterii.
735 2845 807 2898 De
838 2846 935 2897 boc
965 2844 1081 2897 vide
1114 2843 1391 2911 postridie.

442 2925 463 2950 ε
496 2915 751 2983 Caprasii.
782 2913 880 2978 Qui
928 2930 1045 2966 cum
1096 2914 1272 2967 Primo
1301 2924 1352 2966 et
1384 2912 1650 2966 Feliciano
1684 2912 1937 2966 fratribus

371 2999 555 3052 passns
585 2995 665 3039 est
696 2986 745 3036 in
779 2984 963 3038 Galliis
992 2984 1208 3037 civitate
1238 2985 1537 3051 Agennensi
1581 2984 1680 3036 sub
1714 2983 1935 3037 Datiano

372 3055 616 3122 praeside.
656 3056 784 3108 Dum
813 3057 953 3107 enim
984 3054 1180 3106 rabiem
1231 3054 1614 3121 persecutionis
1657 3053 1934 3107 declinans

372 3127 561 3179 lateret
588 3126 640 3177 iii
668 3125 940 3189 spelunca,
970 3124 1177 3177 tandem
1206 3123 1429 3176 audiens
1457 3124 1683 3190 qualiter
1709 3126 1767 3176 Β.
1795 3124 1939 3191 virgo

373 3196 530 3250 Fides
562 3210 656 3262 pro
685 3194 897 3247 Christo
926 3193 1226 3261 agonizaret
1248 3234 1264 3258 ,
1296 3196 1559 3246 animatus
1589 3195 1652 3245 ad
1702 3195 1935 3247 toleran-

372 3268 499 3319 tiam
530 3264 833 3332 passionum
868 3264 1036 3315 oravit
1068 3263 1130 3314 ad
1165 3263 1475 3325 Dominum,
1509 3272 1566 3316 ut
1596 3265 1638 3314 si
1672 3279 1791 3317 eum
1824 3265 1943 3331 glo-

371 3337 448 3389 ria
481 3331 717 3403 martyrii
746 3336 963 3402 dignum
1008 3331 1304 3399 judicaret,
1354 3348 1417 3386 cx
1462 3334 1635 3400 lapide
1675 3334 1944 3399 Spelunca:

372 3404 586 3472 limpida
620 3420 751 3472 aqua
785 3412 1024 3456 manaret
1054 3420 1068 3455 :
1099 3404 1236 3472 quod
1267 3419 1386 3457 cum
1435 3404 1690 3456 Dominus
1736 3404 1943 3467 prtesti-

373 3477 524 3529 tisset
548 3516 561 3539 ,
596 3488 815 3527 securus
844 3474 906 3526 ad
952 3488 1125 3527 arcam
1168 3474 1475 3526 certaminis
1520 3475 1860 3540 properavit,
1892 3482 1945 3526 ct

371 3546 600 3615 palmam
652 3544 889 3614 martyrii
937 3544 1048 3615 sub
1084 3544 1398 3597 Maximiano
1440 3542 1645 3597 fortiter
1694 3542 1943 3611 patiendo

372 3613 683 3680 promeruit.
717 3613 881 3668 Pera.
917 3630 979 3666 ne
1012 3613 1214 3667 NATAL.

445 3687 472 3725 ἀ
507 3684 813 3739 Hilarionis.
846 3686 942 3749 Qui
974 3696 1124 3736 ortus
1152 3695 1229 3737 est
1262 3683 1379 3735 vico
1424 3683 1697 3736 Thabatba
1746 3682 1798 3736 in
1848 3682 1944 3734 Pa-

375 3754 612 3818 ltestiua,
665 3763 717 3808 et
765 3753 1097 3806 Alexandria:
1145 3755 1490 3821 grammatico
1558 3752 1780 3806 traditus
1839 3764 1940 3805 est.

373 3825 603 3879 Proinde
615 3825 834 3877 audiens
860 3824 1069 3877 celebre
1084 3838 1272 3877 nomen
1294 3824 1527 3883 Antonii,
1547 3822 1611 3876 ad
1629 3838 1747 3875 eum
1767 3836 1942 3886 perre-

376 3897 449 3948 xit
470 3936 484 3959 ,
517 3904 569 3949 et
597 3896 772 3947 statim
807 3902 863 3946 ut
891 3909 1010 3945 eum
1043 3892 1202 3957 vidit,
1236 3904 1441 3946 mutato
1471 3892 1693 3962 prisuno
1724 3889 1937 3954 habitu,

374 3967 581 4019 duobus
623 3965 736 4019 fere
765 3963 1033 4017 mensibus
1071 3962 1219 4031 juxta
1260 3978 1380 4016 eum
1426 3964 1649 4027 mansit,
1700 3971 1939 4015 contem-

375 4036 526 4101 plans
554 4034 793 4088 ordinem
822 4035 943 4085 vita:
970 4031 1082 4101 ejus
1112 4048 1423 4102 morumque
1451 4034 1785 4102 gravitatem.
1831 4032 1938 4085 Re-

374 4118 559 4158 versus
601 4120 719 4158 cum
761 4103 1069 4171 quibusdam
1111 4104 1385 4157 monachis
1426 4106 1487 4155 ad
1534 4105 1789 4168 patriam,
1851 4117 1941 4168 pa-

374 4175 615 4229 rentibus
642 4176 748 4241 jam
780 4172 1060 4239 defunctis,
1094 4185 1293 4242 partem
1324 4174 1630 4228 sub~tantize
1664 4172 1935 4231 fratribus,

376 4253 580 4311 partem
610 4243 931 4312 pauperibus
961 4244 1179 4311 largitus
1208 4254 1290 4298 est
1311 4286 1325 4310 ,
1349 4243 1796 4311 solittnliuemqne
1821 4257 1938 4310 qua:

377 4319 427 4366 in
472 4315 702 4381 septimo
747 4312 996 4365 milliarlo
1025 4329 1053 4366 a
1088 4314 1306 4379 Maioma
1358 4313 1515 4366 Gazae
1557 4314 1797 4379 emporio
1847 4328 1939 4379 per

376 4383 524 4436 littus
553 4385 799 4438 euntibus
833 4382 1112 4453 Egyptum
1143 4386 1207 4436 ad
1239 4386 1420 4437 i'JBVillll
1456 4384 1704 4447 nectitur,
1735 4383 1940 4451 ingres-

375 4468 467 4506 sus
493 4464 572 4507 est
601 4453 896 4521 quindecim
924 4469 1092 4506 annos
1124 4466 1296 4505 natus.
1332 4454 1427 4508 Ubi
1462 4469 1582 4506 cum
1614 4454 1808 4506 multos
1840 4466 1935 4520 per

376 4538 544 4576 annos
575 4500 757 4577 sancte
785 4532 841 4577 et
870 4525 1071 4577 duriter
1102 4500 1412 4579 instituisset
1457 4526 1615 4575 vitam
1636 4565 1649 4588 ,
1692 4500 1935 4575 fundartoi-
1961 4500 2013 4561 Ῑ)

373 4604 430 4645 et
473 4594 708 4647 eruditor
754 4594 911 4662 hujus
958 4596 1375 4648 conversationis
1422 4596 1472 4646 in
1518 4593 1835 4658 I’alteSIina;
1881 4604 1936 4647 et

375 4680 498 4715 cum
529 4666 727 4733 grande
766 4664 1142 4717 monasterium
1185 4665 1514 4719 excrevisset
1557 4674 1609 4718 et
1655 4664 1935 4716 multitudo

376 4732 599 4787 fratrum
640 4750 818 4789 secum
852 4734 1176 4798 habitasset,
1208 4735 1273 4786 ad
1304 4736 1763 4788 conversationem
1793 4734 1934 4785 anti-

375 4818 560 4870 quam,
588 4806 912 4859 eremiticam
958 4803 1174 4870 scilicet,
1208 4805 1381 4858 redire
1426 4806 1477 4858 in
1508 4804 1686 4857 animo
1716 4804 1935 4869 habuit;

379 4876 611 4939 perrexit
644 4876 801 4942 igitur
829 4877 892 4926 ad
927 4874 983 4927 Β.
1017 4877 1303 4928 Antonium
1331 4892 1346 4940 ;
1375 4877 1464 4944 qui
1498 4875 1749 4943 quoniam
1796 4890 1938 4927 mor-

378 4954 503 4997 tuus
533 4953 615 4999 est
644 4953 926 5012 antequam
959 4949 1193 5013 veniret,
1227 4960 1473 4999 reversus
1501 4962 1531 4998 e
1567 4955 1583 4997 t
1624 4946 1687 4996 ad
1732 4946 1940 5013 Aphro-

377 5018 526 5067 diton
548 5055 563 5079 ,
598 5025 649 5067 et
679 5019 884 5067 duobus
914 5025 1112 5067 tantum
1144 5031 1322 5068 svcum
1358 5017 1573 5068 retentis
1605 5014 1854 5068 fratribus
1886 5014 1938 5067 in

380 5084 550 5136 vicina
582 5100 764 5139 eremo
797 5097 1027 5137 moratus
1057 5096 1159 5138 est.
1202 5088 1303 5139 Sed
1348 5087 1534 5139 videns
1574 5086 1734 5139 eriam
1785 5086 1851 5137 ibi
1884 5100 1942 5138 se

380 5156 528 5207 miris
560 5156 853 5208 honoribus
882 5154 1051 5217 affici,
1086 5160 1319 5223 perrexit
1360 5156 1772 5215 Alexandriam,
1819 5156 1943 5208 inde

380 5225 445 5275 ad
477 5226 778 5279 ulteriorem
811 5228 988 5277 Oasim
1032 5240 1266 5279 eremuni
1307 5229 1666 5290 transiturus;
1711 5225 1795 5277 ubi
1839 5240 1941 5278 non

381 5295 469 5345 diu
512 5310 828 5361 permanens
868 5311 931 5348 eo
969 5297 1107 5362 quod
1159 5296 1423 5350 Gazenses
1470 5311 1497 5346 a
1551 5294 1759 5348 Jubauo
1810 5292 1940 5361 imp.

383 5374 610 5418 mortem
642 5365 925 5418 Hilarionis
964 5367 1370 5434 impetrassent,
1406 5380 1497 5432 per
1528 5368 1719 5418 inviam
1752 5365 1943 5418 solitu-

383 5435 561 5489 dinem
595 5436 811 5506 intravit
839 5437 1014 5489 Oasim
1045 5454 1059 5500 ;
1090 5437 1267 5506 ibique
1296 5452 1434 5488 anno
1466 5437 1582 5504 plus
1614 5434 1789 5487 minus
1819 5450 1947 5487 exa-

384 5515 508 5570 cto,
540 5516 595 5560 et
621 5494 828 5559 Juliano
861 5508 988 5574 imp.
1029 5494 1239 5570 oet-ise,
1282 5509 1333 5560 in
1373 5494 1606 5559 Siciliam
1650 5507 1943 5574 navigavit,

386 5576 471 5628 ubi
505 5579 755 5631 latere~se
790 5578 1025 5643 potuisse
1053 5580 1336 5630 arbitratus
1376 5586 1500 5639 est;
1542 5576 1632 5629 sed
1678 5592 1705 5625 a
1748 5576 1947 5627 dictun-

384 5649 540 5699 niaco
569 5662 726 5714 quem
756 5647 959 5698 sanavit
993 5650 1229 5708 proditm
1268 5657 1393 5709 est;
1436 5646 1574 5713 quod
1621 5644 1824 5697 initium
1871 5646 1942 5696 si-

380 5731 605 5779 gnorum
637 5720 753 5783 ejus
784 5718 834 5768 iu
867 5716 1043 5770 Sicilia
1074 5718 1509 5770 innunwrabdetn
1541 5716 1603 5768 ad
1636 5732 1757 5768 eum
1790 5715 1946 5767 dein-

382 5802 505 5848 ccps
536 5788 751 5841 adduxit
791 5788 1197 5843 multitudinem.
1244 5788 1599 5854 Quamobrem
1645 5785 1940 5856 Hesychius

2047 2774 2162 2841 ejus
2190 2773 2480 2842 discipulus
2509 2772 2595 2840 qui
2645 2769 2781 2842 fama
2822 2770 2945 2842 pejus
2989 2770 3241 2842 virtutum
3273 2768 3612 2842 AlIilariouem

2046 2839 2390 2913 evestigasset
2410 2883 2425 2907 ,
2455 2839 2575 2896 eum
2606 2843 2671 2894 ad
2703 2841 3024 2908 Epidaurum
3048 2840 3333 2913 Dalmatia:
3361 2839 3611 2906 oppiduni

2045 2908 2244 2977 duxit:
2260 2914 2346 2967 ubi
2379 2914 2663 2966 draconem
2695 2913 2842 2964 mine
2884 2912 3119 2979 magnitu
3144 2908 3264 2962 linis
3304 2924 3617 2964 concrema-

2044 2985 2157 3047 vit;
2190 2984 2380 3038 deinde
2410 2984 2645 3050 Paphum
2678 2981 2972 3049 navigavit,
3009 2980 3184 3047 ibique
3218 2995 3436 3033 manuus
3470 2981 3618 3034 bien-

2046 3058 2168 3117 n‘o,
2202 3056 2340 3108 inter
2371 3064 2602 3107 secretos
2656 3066 2981 3120 asperosque
3024 3060 3233 3105 montes
3273 3052 3615 3105 solitudinem

2047 3125 2321 3190 qumsivit,
2356 3135 2408 3176 ct
2439 3127 2539 3177 isto
2571 3122 2687 3176 loco
2720 3138 2812 3188 per
2841 3136 3011 3174 annos
3042 3123 3273 3189 quinque
3319 3122 3573 3174 habitavit
3604 3163 3618 3184 ,

2048 3204 2099 3246 et
2130 3196 2411 3247 defunctus
2443 3203 2541 3247 est.
2590 3192 2741 3256 Quod
2776 3201 3052 3260 postquam
3090 3193 3382 3245 Palaastinze
3413 3191 3616 3245 audivit

2050 3265 2381 3335 Hesychius,
2432 3265 2495 3316 ad
2541 3262 2771 3329 Cvprum
2821 3263 3114 3335 navigavit.
3171 3270 3223 3315 et
3271 3273 3400 3335 post
3427 3262 3617 3335 decem

2049 3332 2215 3387 ferme
2248 3350 2457 3388 menses
2488 3349 2677 3401 corpus
2706 3334 2821 3397 ejus
2855 3332 3057 3386 furatus
3099 3341 3201 3385 est.
3252 3332 3401 3398 Quod
3450 3332 3617 3396 Maju-

2048 3405 2207 3458 miatn
2258 3404 2546 3463 deferens,
2604 3406 2654 3458 in
2708 3403 2928 3469 antiquo
2980 3403 3304 3456 menasterio
3352 3402 3613 3455 condidit.

2050 3474 2181 3528 Vide
2222 3474 2372 3543 plura
2417 3478 2465 3525 in
2518 3473 2630 3526 Vita
2672 3474 2786 3539 ejus
2826 3474 2894 3543 ab
2937 3472 3261 3543 Hieronymo
3290 3470 3507 3538 scripta.
3537 3471 3618 3543 De

2045 3559 2110 3595 eo
2150 3541 2307 3596 etiam
2353 3544 2680 3595 Sozomcnus
2720 3541 2954 3609 loquitur
2986 3543 3037 3593 in
3083 3542 3229 3595 Eccl.
3266 3543 3398 3594 Hist.
3438 3556 3489 3603 v,
3530 3542 3611 3595 l0.

2046 3614 2104 3668 S.
2138 3623 2313 3666 autem
2350 3611 2544 3664 Hilari.»
2586 3627 2725 3665 anno
2764 3613 2869 3664 290
2912 3621 3066 3664 natus
3095 3621 3198 3673 est,
3246 3621 3487 3666 mortuus
3538 3625 3620 3665 est

2046 3687 2186 3737 enim
2218 3682 2613 3749 octogenarius,
2649 3693 2702 3735 nt
2729 3683 2911 3735 scribit
2941 3683 2998 3735 S.
3035 3680 3386 3750 Hieronymus
3418 3682 3467 3734 iu
3499 3680 3615 3750 ejus

2051 3755 2205 3818 Vita;
2251 3764 2472 3821 eratque
2515 3752 2686 3805 aetatis
2727 3752 2999 3820 sexaginta
3042 3752 3273 3822 quinque
3313 3766 3614 3822 annorum.

2045 3825 2255 3891 quando
2288 3823 2347 3874 ί).
2383 3823 2641 3877 Antonius
2674 3823 2741 3875 Μ.
2788 3824 3069 3886 (iBCCSSit,'
3088 3833 3219 3875 teste
3257 3822 3447 3875 eodem
3484 3821 3610 3875 Hie-

2047 3909 2293 3965 ronymo.
2332 3893 2472 3965 Obiit
2524 3908 2589 3945 au
2616 3908 2698 3965 em
2756 3891 3016 3965 Antonius
3070 3909 3209 3946 anno
3269 3891 3392 3947 556.
3440 3893 3615 3958 Quare

2045 3965 2103 4019 S.
2142 3964 2370 4018 Hilarion
2400 3964 2558 4016 etiam
2591 3964 2721 4017 obiit
2748 3979 2887 4015 anno
2914 3964 3039 4018 570.

2119 4044 2143 4071 ε
2175 4034 2384 4116 Calixti.
2420 4034 2491 4086 De
2520 4034 2622 4087 hoc
2652 4035 2769 4088 vide
2817 4036 3059 4101 superius
3090 4033 3255 4104 pridie
3304 4033 3429 4087 Idus
3464 4034 3621 4106 hujus

2045 4119 2263 4158 mensis.

2078 4218 2093 4225 -
2122 4174 2139 4212 ί
2185 4173 2467 4247 Virginum.
2503 4175 2640 4247 Inter
2671 4190 2799 4243 quas
2830 4176 3093 4242 przecipua
3123 4173 3461 4247 fuit_Ursula.
3497 4175 3625 4240 Qum

2043 4260 2162 4299 cum
2196 4243 2296 4299 una
2321 4260 2440 4298 cum
2484 4245 2643 4298 sociis
2678 4248 2896 4298 Romam
2932 4243 3406 4312 peregrinationem
3444 4261 3625 4299 susce-

2046 4317 2236 4383 pisset,
2268 4330 2330 4368 ac
2367 4316 2418 4368 iii
2452 4315 2642 4369 itinere
2673 4316 2943 4369 incidisset
2980 4316 3031 4367 iu
3065 4313 3306 4375 l‘Iunnos,
3338 4314 3405 4365 ab
3436 4316 3621 4368 iisdem

2042 4401 2159 4440 cum
2199 4386 2482 4440 comitibus
2509 4386 2622 4440 suis
2663 4388 2918 4439 trucidata
2949 4394 3032 4438 est
3060 4400 3199 4437 anno
3226 4384 3350 4446 455,
3380 4394 3435 4436 ιιι
3466 4385 3622 4453 Sige-

2046 4458 2221 4510 bertus
2250 4464 2473 4509 testatur
2520 4458 2570 4510 in
2598 4453 2799 4510 Chron.
2837 4458 3066 4510 Historia
3120 4458 3308 4507 barum
3355 4455 3620 4524 virginum

2039 4526 2176 4594 apud
2221 4537 2464 4580 auctores
2506 4529 2738 4596 vulgata,
2779 4536 2857 4581 est
2903 4526 3054 4579 valde
3100 4526 3273 4577 dubiie
3311 4533 3365 4577 et
3408 4528 3622 4579 incertae

2042 4600 2186 4653 fidei.

2114 4674 2138 4709 δ
2168 4667 2388 4725 Cilinire.
2422 4669 2600 4723 Matris
2629 4667 2685 4722 S.
2713 4668 2933 4736 Remigii
2963 4666 3196 4735 episcoiii
3223 4666 3540 4720 Rhemcnsis
3572 4668 3624 4720 in

2039 4747 2213 4793 eastro
2244 4740 2596 4793 Laudunensi.
2653 4741 2803 4792 Plura
2849 4740 2916 4792 de
2959 4754 3020 4792 ea
3066 4740 3115 4789 iit
3152 4738 3267 4790 Vita
3309 4740 3365 4792 S.
3395 4737 3625 4805 Remigii

2039 4810 2177 4873 apud
2195 4810 2405 4865 Surium
2430 4811 2479 4863 in
2504 4810 2773 4863 Januario.
2806 4808 3075 4878 Remigius
3102 4811 3289 4861 colitur
3316 4823 3404 4861 xui
3427 4806 3627 4861 Janua-

2043 4879 2106 4932 rii
2136 4889 2191 4931 et
2221 4896 2235 4932 I
2260 4882 2446 4934 Octob.

2115 4946 2142 4984 ιι
2184 4948 2422 5002 Viatoris.
2454 4950 2553 5015 Qui
2584 4948 2825 5003 ordinem
2856 4949 3068 5002 lectoris
3096 4952 3285 5012 tenuit,
3319 4957 3372 5001 et
3401 4949 3461 5003 S.
3486 4947 3620 5001 Justi

2045 5018 2410 5088 Lugdunensis
2440 5021 2673 5089 episcopi
2725 5036 2904 5072 comes
2950 5018 3067 5071 fuit.
3117 5020 3214 5086 Qui
3263 5034 3383 5071 cum
3438 5022 3624 5089 eodem

2043 5086 2408 5158 epiScopatum
2437 5086 2717 5143 desereiite
2744 5103 2929 5143 navem
2953 5090 3283 5152 conscendit,
3310 5097 3364 5141 et
3384 5089 3445 5140 ad
3466 5086 3629 5157 Egy-

2046 5170 2189 5228 ptum
2219 5161 2506 5228 navigavit,
2529 5171 2685 5227 atque
2712 5161 2758 5213 ei
2786 5159 2837 5211 in
2862 5174 3042 5212 eremo
3068 5160 3253 5213 sedqu
3282 5158 3619 5212 ministravit.

2045 5234 2161 5294 Quo
2191 5230 2461 5294 defuncto,
2493 5240 2547 5283 et
2595 5234 2705 5300 ipse
2742 5230 2921 5283 Viator
2957 5240 3074 5296 post
3110 5230 3224 5283 dies
3251 5229 3305 5295 7,
3338 5237 3491 5296 prout
3521 5229 3619 5296 ipsi

2048 5301 2104 5356 S.
2133 5300 2310 5354 Justus
2366 5303 2698 5367 praedixerat,
2747 5315 2867 5354 eum
2921 5300 2986 5352 ad
3042 5300 3206 5355 caalos
3256 5309 3469 5354 secutus
3518 5310 3620 5366 est,

2046 5371 2229 5427 Justus
2258 5372 2397 5424 enim
2444 5371 2618 5424 Idibus
2647 5371 2892 5425 Octobris
2942 5371 3090 5435 obiit,
3138 5380 3192 5424 et
3220 5368 3403 5425 Viator
3425 5370 3627 5439 quievit

2049 5442 2100 5495 in
2132 5456 2261 5507 pace
2290 5455 2359 5493 xit
2392 5439 2508 5495 Kal.
2534 5441 2788 5495 Novemb.
2823 5444 3058 5503 Quorum
3091 5444 3368 5494 amborum
3397 5454 3617 5505 corpora

2049 5526 2077 5563 a
2099 5511 2303 5564 civibus
2326 5511 2761 5579 Lugdunensibus
2784 5512 2975 5565 eximie
2996 5512 3198 5563 sublata
3220 5519 3343 5563 sunt
3369 5520 3421 5562 et
3448 5507 3512 5561 ad
3533 5524 3623 5562 eo-

2049 5596 2165 5634 rum
2193 5581 2459 5635 civitatetn
2493 5582 2675 5644 relata,
2707 5594 2759 5634 et
2806 5584 2855 5633 in
2884 5582 3111 5635 ecclesia
3157 5582 3259 5637 SS.
3284 5591 3485 5647 septem
3517 5580 3621 5633 Ma-

2050 5651 2387 5705 chabaiormn
2441 5652 2705 5718 condigno
2749 5650 2953 5706 honore
3004 5652 3173 5721 posita
3221 5661 3345 5706 sunt
3393 5666 3442 5705 tv
3484 5650 3622 5707 Non.

2051 5723 2398 5791 Septembris.
2430 5721 2593 5777 Perit.
2630 5737 2693 5777 us
2724 5723 2934 5777 NATAL.
