4054 6190
451 317 585 376 10⁸7ςῖ

1199 320 1401 377 BED/E
1442 320 1892 380 VENERADILIS
1931 326 2078 380 OPP.
2123 326 2299 386 PARS
2337 327 2428 386 iV.
2468 360 2538 373 —-
2576 324 2960 389 HISTORICA.

3586 338 3724 398 1080

1664 438 1892 495 EDITIO
1930 442 2400 502 COLONIENSIS.

446 540 568 603 post
597 531 852 603 martyrio
877 533 1253 587 consummati.
1288 533 1414 586 Item
1448 532 1600 586 beata
1641 533 1892 599 Saloma,
1916 552 2033 603 qute
2060 552 2110 611 Α
2140 536 2192 590 in
2223 537 2433 604 faciem,
2467 545 2519 590 et
2544 537 2827 591 credentes
2872 537 2923 591 in
2951 534 3168 594 Christo
3211 539 3434 610 impium
3477 545 3726 603 ministe-

452 624 506 676 in
558 623 847 692 Evangelio
895 623 1083 692 legitur
1128 637 1247 676 cum
1308 622 1527 692 reliquis
1575 625 1773 678 sanctis
1824 624 2033 680 feminis

447 719 587 771 circa
622 718 833 771 Domini
876 720 1203 787 sepulturam
1236 720 1486 773 sollicita.
1521 720 1673 786 Apud
1704 721 2035 789 Adrianupo-

450 811 541 865 lim
572 811 815 865 Thracia:
843 814 1017 880 passio
1047 820 1350 865 sanctorum
1393 812 1617 881 Philippi
1647 815 1901 885 episcOpi,
1935 815 2032 870 Se-

449 904 561 956 νετὶ
592 902 917 972 presbyteri,
948 912 1106 971 atque
1135 903 1395 957 llermetis
1423 905 1667 971 diaconi,
1708 914 1763 959 et
1797 907 2032 970 Eusebii,

452 996 539 1063 qui
573 995 939 1063 persecutione
986 994 1244 1049 saeviente
1288 996 1710 1051 Christianorum
1732 1038 1746 1063 ,
1781 999 2034 1053 ecclesias

449 1090 697 1142 claudere
728 1096 781 1142 et
809 1087 1041 1155 spoliare
1066 1120 1081 1150 ,
1114 1087 1265 1155 jussu
1310 1088 1645 1155 imperatoris
1683 1087 1873 1143 Juliani
1899 1130 1913 1153 ,
1944 1104 2037 1156 per

450 1181 659 1248 iniquos
704 1176 957 1248 praesides
985 1178 1441 1242 coutradicebant,
1475 1186 1527 1230 ct
1554 1179 1620 1231 ob
1647 1179 1747 1232 hoc
1778 1195 1869 1246 per
1901 1180 2033 1232 Bas-

448 1283 565 1321 sum
596 1268 901 1337 prmsidem,
935 1282 1033 1321 nec
1060 1283 1168 1320 non
1212 1273 1267 1320 et
1308 1266 1572 1321 Justinum
1604 1268 1780 1322 multis
1808 1277 2039 1323 tormen-

451 1358 518 1411 tis
549 1356 943 1420 afliciebantur,
970 1357 1069 1410 hoc
1092 1366 1197 1425 est,
1228 1358 1560 1423 carceribus,
1589 1359 1831 1423 vinculis,
1862 1359 2038 1427 flagel-

451 1450 537 1515 lis,
570 1450 635 1505 ad
668 1452 913 1503 ultimum
946 1465 1074 1503 vero
1118 1439 1450 1503 ﬂammarum
1483 1451 1768 1517 incendio;
1809 1452 1901 1507 sed
1938 1452 2041 1505 Do-

448 1542 579 1595 mini
618 1542 809 1595 \irtute
839 1542 1072 1595 roborati
1095 1580 1111 1610 ,
1160 1557 1324 1611 usque
1355 1543 1406 1595 in
1440 1544 1596 1598 linem
1628 1544 1679 1597 in
1705 1543 2042 1599 confessione

449 1635 682 1689 immittis
712 1635 827 1703 ejus
858 1650 1010 1702 perse
1022 1645 1333 1689 veraverunt
1346 1675 1358 1687 .

522 1729 582 1782 Β.
616 1727 662 1781 Χ
691 1728 930 1782 Κλιεδυ.
968 1728 1207 1782 Novsua.
1236 1750 1304 1768 έ-
1325 1727 1477 1797 Apud
1511 1726 1846 1783 Antiochiam
1876 1729 2041 1798 Syria:

451 1820 626 1874 natale
657 1820 827 1873 sancti
869 1820 1137 1874 Theodori
1174 1821 1509 1891 presbyteri,
1542 1820 1626 1890 qui
1670 1823 2041 1890 persecutione

2137 632 2273 684 rium
2302 636 2633 692 recusarent,
2659 628 2816 697 jussit
2846 644 2939 684 eos
2964 630 3206 685 Julianus
3234 632 3424 701 pelago
3455 636 3721 710 immergi.

2136 723 2337 788 Quibus
2352 724 2411 777 Β.
2434 721 2744 779 Theodorus
2766 726 2866 778 ait:
2885 726 3198 794 Ρττεεθίιίίθ,
3221 729 3413 786 fratres
3436 747 3451 799 ;
3475 748 3574 803 ego
3599 751 3726 791 vero

2136 828 2398 885 superans
2431 817 2706 870 inimicum
2756 830 2951 888 sequar
2996 820 3299 878 Dominum.
3338 824 3535 893 Sicque
3580 829 3725 882 occi-

2138 910 2291 963 sione
2340 907 2498 977 gladii
2529 910 2843 978 martyrium
2892 915 3303 967 consummavit.
3354 915 3408 968 ln
3456 917 3725 986 Hispaniis

2141 1000 2316 1054 natale
2345 1010 2649 1055 sanctorum
2677 1000 2934 1056 Servandi
2966 1012 3019 1056 et
3048 1002 3320 1068 Germani,
3349 1006 3439 1072 qui
3471 1018 3588 1074 post
3610 1023 3727 1063 ver-

2144 1092 2266 1145 bera
2298 1091 2600 1162 squalorem
2635 1091 2887 1157 carceris,
2930 1102 2983 1146 et
3023 1093 3176 1145 famis
3216 1107 3278 1147 ac
3306 1095 3421 1148 sitis
3454 1095 3724 1165 injuriam,

2141 1193 2189 1238 et
2222 1182 2516 1253 longissimi
2548 1182 2781 1247 itineris,
2818 1197 2973 1250 quem
2997 1183 3215 1250 jubente
3248 1184 3462 1239 Viatore
3502 1188 3728 1255 pra-side

2142 1275 2282 1329 ferro
2312 1275 2487 1329 onusti
2517 1274 2851 1343 pertulerunt
2884 1274 3143 1340 laborem,
3172 1276 3459 1330 novissime
3485 1279 3727 1350 martyrii

2143 1368 2221 1421 sui
2248 1382 2462 1420 cursum
2491 1366 2632 1419 ferro
2658 1366 2814 1419 caesis
2842 1365 3140 1419 cervicibus
3162 1366 3539 1435 impleverunt.
3570 1368 3729 1421 Colo-

2146 1461 2247 1512 niae
2300 1460 2472 1513 sancti
2527 1458 2772 1513 Severini
2830 1457 3218 1526 arcltiepiscopi
3279 1468 3335 1513 et
3380 1459 3725 1513 confessoris.

2152 1552 2365 1607 Vienna:
2396 1553 2565 1607 sancti
2596 1552 2778 1607 Joditii
2830 1552 3091 1621 episcopi.
3127 1551 3257 1606 Item
3285 1552 3455 1607 sancti
3489 1551 3728 1607 Venantii

2147 1648 2374 1703 abbaus.

2214 1742 2276 1796 C.
2336 1740 2407 1796 lx
2438 1740 2699 1796 Κλιεκυ.
2746 1739 2986 1794 Novsua.
3023 1766 3092 1777 —
3133 1736 3187 1791 ln
3233 1732 3466 1793 Venusia
3512 1737 3730 1792 civitate

2146 1828 2353 1899 Apulia:
2408 1833 2583 1886 natale
2627 1842 2929 1885 sanctorum
2976 1828 3169 1883 Felicis
3212 1828 3452 1898 episc0pi
3498 1830 3731 1884 civitatis

448 1914 597 1981 impii
630 1911 824 1966 Juliﬂlli
857 1912 957 1965 sub
995 1913 1249 1981 prmfecw
1278 1922 1332 1967 el
1360 1915 1624 1968 θνυηουίο
1652 1916 1768 1981 eius
1807 1914 2040 1980 JUiianoi
2079 1930 2120 1987 Β
2150 1924 2533 1987 'fubroceusis,
2570 1922 2789 1977 Audacti
2819 1932 2872 1975 et
2900 1921 3140 1975 Januarii
3184 1921 3637 1989 presbyterorum,
3678 1930 3731 1975 et

448 2021 570 2060 cum
601 2002 667 2059 ab
698 2021 762 2059 co
793 2004 1249 2059 Autioeheuorum
1298 2006 1523 2060 ecclesia
1555 2007 1801 2075 spoliata,
1832 2017 1885 2061 et
1912 2009 2036 2062 reli-

448 2099 584 2167 giosi
616 2100 813 2168 quique
842 2098 1069 2153 fuissent
1094 2100 1211 2167 ejus
1243 2109 1447 2154 terrore
1478 2100 1724 2170 dispersi,
1771 2094 1824 2154 in
1867 2104 2037 2158 ccclcb

450 2193 527 2247 sia
562 2188 851 2261 permansit
882 2191 1198 2261 intrepidus,
1230 2204 1389 2262 atque
1427 2193 1494 2247 ab
1522 2209 1584 2248 eo
1619 2196 1782 2248 teneri
1820 2193 1998 2263 jussus
2019 2233 2033 2260 ,

454 2294 572 2350 post
600 2284 807 2352 equuici
842 2297 1050 2350 pcenam
1074 2324 1090 2347 ,
1140 2294 1195 2338 et
1240 2285 1435 2338 multos
1474 2300 1535 2340 ac
1576 2285 1891 2340 durissimos
1918 2301 2041 2340 cru-

450 2378 662 2444 ciatus,
708 2375 868 2430 etiam
919 2373 1191 2442 lampades
1243 2376 1381 2429 circa
1413 2378 1527 2443 ejus
1558 2377 1726 2431 latera
1784 2378 2040 2445 appositae

452 2475 595 2521 sunt.
630 2466 733 2522 Sed
769 2467 850 2521 liis
879 2465 1056 2520 divina
1086 2467 1280 2519 virtute
1327 2468 1619 2531 reStinctis,
1671 2482 1789 2522 cum
1846 2468 2041 2523 milites

450 2561 542 2630 qui
571 2575 662 2615 eas
696 2560 970 2622 tenebant,
1017 2559 1327 2627 angelorum
1359 2568 1578 2630 aspectu
1615 2562 1783 2615 territi
1816 2561 2042 2615 ruisseut

2150 2012 2516 2068 Fortunatiaui
2569 2025 2621 2067 et
2678 2012 2901 2077 Septimi
2961 2012 3240 2075 lectorum,
3281 2012 3369 2079 qui
3410 2013 3731 2080 temporibus

2148 2103 2462 2159 Diocletiani
2497 2106 2547 2158 itt
2590 2121 2683 2158 sua
2716 2105 2930 2158 civitate
2974 2102 3123 2172 Tyci,
3165 2117 3195 2155 a
3236 2102 3585 2170 Magnelliano
3614 2118 3726 2168 pro-

2147 2204 2394 2250 curatore
2430 2196 2613 2249 multis
2644 2196 2735 2249 diu
2763 2195 2988 2249 vinculis
3036 2204 3090 2247 et
3125 2195 3430 2249 carceribus
3460 2194 3731 2256 macerati,

2148 2296 2202 2340 et
2234 2287 2284 2339 in
2317 2284 2493 2338 Africa
2522 2294 2575 2340 et
2603 2286 2653 2339 in
2685 2285 2888 2351 Sicilia,
2922 2282 3132 2338 tandem
3164 2283 3217 2337 in
3250 2284 3523 2338 occisione
3572 2283 3732 2353 gladii

2151 2376 2507 2430 consummati
2542 2388 2685 2431 sunt.
2735 2376 2869 2431 Sunt
2900 2386 3075 2431 autem
3121 2376 3415 2432 honorifice
3445 2376 3732 2443 sepultura!

2148 2464 2330 2521 traditi
2363 2470 2504 2523 inter
2533 2468 2906 2537 Carthaginem
2954 2478 3008 2523 et
3051 2465 3277 2523 Uticam.
3320 2466 3380 2522 In
3428 2466 3733 2523 Nicomedia

2156 2562 2332 2615 natale
2361 2560 2542 2617 Severi
2574 2572 2627 2616 et
2655 2561 2923 2617 Dorothei.

1704 2673 1933 2729 EDITIO
1974 2676 2479 2734 BOLIANDIANA.

528 2768 591 2822 ν.
637 2766 725 2830 (3.,

474 2825 735 2904 ’ριιίιῑριξί
787 2836 1042 2904 episcopi,
1080 2825 1312 2900 Eusebii:
1351 2825 1631 2891 llermetis.
1655 2825 1840 2899 'n.,‘tn
1871 2825 2039 2891 nini;

459 2911 537 2963 ria
592 2910 764 2961 natale
814 2908 1105 2961 S.Sewri.
1160 2907 1211 2960 In
1247 2908 1604 2975 Antrianopoli
1656 2907 1879 2975 Philippi
1929 2912 2044 2976 epio

461 2994 632 3043 scopi,
657 2978 897 3040 Eusebii,
925 2977 1205 3031 llermetis.
1233 2980 1320 3042 'l‘.,
1349 2978 1568 3030 Thracia
1595 2979 1766 3031 natale
1791 2978 1889 3033 SS.
1918 2979 2047 3033 Her-

461 3048 635 3114 utetis,
670 3050 882 3103 Eusebii
916 3060 967 3102 et
998 3050 1055 3101 S.
1085 3048 1307 3115 Philippi
1340 3050 1596 3115 episeopi.
1632 3048 1714 3111 ιη,
1747 3049 1800 3101 In
1824 3050 2046 3103 Thracia

463 3122 637 3188 natale
690 3118 915 3186 l‘liilippi
963 3119 1235 3186 episcopi,
1289 3128 1342 3172 et
1392 3121 1572 3173 Severi
1632 3122 1944 3188 presbyteri,
1997 3129 2050 3174 et

465 3184 728 3242 llcrmctis
776 3184 1012 3241 diaconi.
1060 3184 1157 3252 A.,
1180 3189 1401 3241 Thracia
1459 3184 1644 3242 natale
1677 3188 1770 3243 SS.
1792 3184 2045 3255 Eruietis,

464 3259 679 3311 Eusebii
709 3268 755 3311 et
789 3260 846 3312 S.
874 3258 1209 3326 Philippiani.
1241 3259 1439 3313 Eodem
1469 3260 1552 3311 die
1578 3260 1750 3325 passio
1780 3260 1836 3313 S.
1863 3259 1887 3297 δ
1912 3260 2046 3313 Gra-

465 3330 593 3382 tiani
625 3329 895 3395 martyris,
924 3336 978 3381 et
1006 3333 1089 3391 dei
1109 3329 1270 3381 ositio
1297 3328 1357 3381 S.
1381 3329 1608 3381 Autbodi
1637 3336 1770 3395 epis.
1801 3330 1885 3392 8.,
1911 3330 2045 3383 Alibi

465 3400 640 3463 passio
670 3401 727 3451 S.
754 3398 967 3465 Leugsti
999 3398 1267 3467 martyris.
1310 3398 1399 3463 D.,
1432 3398 1710 3453 Antiochia
1744 3401 1766 3429 ο
1795 3400 2046 3455 Τιωοιιο.

464 3471 546 3523 riti
580 3470 895 3538 presbyteri.

531 3598 621 3652 25.
644 3596 780 3652 -Χ
816 3596 949 3651 Kac.
991 3595 1154 3652 Vacat
1193 3597 1370 3653 dea.

535 3724 598 3779 C.
627 3724 687 3778 V.
721 3724 806 3786 li.,
840 3722 891 3774 lu
922 3721 1260 3792 Adrianopoli
1294 3723 1501 3789 Severi,
1539 3720 1807 3776 Dorotbci.
1847 3722 1929 3785 (3.,
1964 3720 2047 3778 die

466 3794 783 3863 pra't'edcnti
820 3812 831 3845 ε
879 3794 932 3845 In
961 3793 1300 3861 Trajauopoli
1351 3793 1541 3863 Severi
1586 3794 1844 3861 episcopi,
1881 3794 2047 3845 Doro-

468 3868 605 3932 lliei,
661 3876 713 3918 et
764 3863 823 3918 S.
866 3863 1060 3916 Oresti.
1125 3865 1209 3932 D.,
1264 3864 1491 3915 Venusia
1523 3862 1545 3899 ι¹
1579 3864 1767 3917 Felicis
1815 3864 2049 3931 episcopi

467 3935 851 3998 'l‘ubzoccnsis,
894 3943 944 3985 et
977 3931 1195 3985 Audacti
1238 3944 1289 3985 et
1316 3933 1547 3987 Januarii
1592 3934 2045 4001 presbyterorum.

468 4012 529 4060 Α.
563 4005 656 4072 'l‘.,
686 4005 867 4059 Natale
898 4003 996 4060 SS.
1020 4002 1286 4068 Severini,
1323 4003 1572 4058 Dorothci
1622 4013 1674 4058 et
1706 4001 1953 4059 Victoris.
1985 4005 2041 4057 In

780 2766 834 2819 ln
859 2837 868 2840 _
889 2767 1230 2840 Adrianopoli
1259 2765 1388 2840 “[C.‘
1419 2766 1800 2840 Trajanopolij
1829 2767 2033 2840 Severi,
2066 2772 2111 2834 C
2143 2773 2411 2825 territorio
2450 2773 2718 2825 Cadetano
2766 2772 2943 2840 passio
2990 2771 3084 2826 SS.
3114 2780 3135 2808 ε
3164 2768 3449 2840 Servandi,
3498 2775 3558 2840 et
3598 2768 3735 2821 Ger-

2158 2844 2296 2894 mani
2333 2860 2343 2893 :
2377 2844 2464 2907 qui
2519 2846 2586 2895 ob
2636 2836 3021 2897 confessionem
3076 2838 3280 2894 Domini
3324 2839 3469 2906 jussu
3502 2836 3735 2891 Viatoris

2156 2912 2386 2981 prchecti
2412 2912 2543 2981 jussi
2575 2925 2692 2965 sunt
2719 2914 2990 2966 decollari.
3024 2912 3111 2973 A.,
3138 2910 3337 2981 Eodem
3362 2908 3449 2981 die
3470 2907 3735 2981 depositio

2152 2984 2209 3035 ὃ.
2240 2979 2255 3019 ¹
2286 2978 2504 3035 Romani
2572 2983 3013 3051 Rotbomagensis
3065 2979 3474 3051 archiepiscopi.
3521 2978 3592 3051 i'l‘.
3647 2978 3735 3051 13..

2153 3052 2269 3118 Ipso
2299 3054 2386 3107 die
2433 3054 2482 3105 in
2512 3053 2748 3106 Caesarea
2780 3047 3128 3120 Cappadociae
3169 3050 3340 3103 natale
3373 3049 3610 3120 Longini.
3648 3047 3733 3111 8.,

2154 3122 2209 3175 lu
2239 3124 2480 3177 Caesarea
2513 3119 2868 3190 Cappadociae
2908 3124 2968 3177 S.
2998 3122 3208 3176 Serensi
3238 3131 3294 3173 et
3341 3119 3461 3171 alibi
3491 3120 3560 3190 Δὃ.
3594 3119 3733 3190 Long-

2153 3193 2281 3261 gini.
2316 3193 2484 3265 L.._‘ln
2513 3187 2751 3265 Caésarezi
2781 3193 3129 3265 Cappadociae
3160 3191 3335 3265 passio
3366 3187 3732 3265 SS._LonAgi_ni,

2152 3258 2362 3323 Severi,
2396 3263 2618 3316 Victoris
2646 3273 2700 3317 et
2730 3258 2999 3318 Doro‘tltci.
3037 3263 3098 3315 Et
3147 3264 3204 3317 ὃ.
3252 3263 3275 3301 ε
3305 3258 3547 3316 Severini
3574 3258 3733 3312 Culo‘

2156 3332 2355 3387 nien~is
2381 3334 2616 3403 archiep.

2220 3425 2312 3479 ei.
2336 3454 2404 3466 -
2430 3425 2495 3479 IX
2538 3426 2671 3480 ΚΑι..
2713 3425 2874 3479 Vacat
2905 3424 3083 3479 Beda.

2226 3510 2389 3571 Vacat
2416 3520 2573 3572 etiam
2602 3518 2917 3571 Diviunense
2948 3532 3073 3579 ms.,
3105 3516 3207 3569 nisi
3232 3515 3370 3584 quod
3398 3530 3461 3567 ex
3491 3512 3733 3584 sequenti

2152 3588 2238 3641 dic
2265 3589 2331 3641 de
2366 3605 2481 3642 xcvr
2522 3589 2773 3641 militibus
2817 3590 2899 3640 hic
2949 3589 3116 3655 posita
3166 3583 3265 3639 suo
3303 3584 3496 3655 deinde
3530 3583 3731 3655 locoin

2156 3659 2325 3711 llaedie
2371 3668 2621 3713 contextu
2672 3652 2996 3723 repetantur.
3030 3658 3086 3709 B.
3117 3655 3180 3709 V'.
3214 3656 3299 3717 C.,
3344 3655 3397 3706 lu
3430 3652 3735 3723 Nicomedia

2157 3728 2375 3800 thalis,
2410 3728 2620 3800 Felicis,
2656 3721 2876 3800 Rogati,
2910 3721 3731 3800 \fictoriathlaviani,”Victoris

2157 3797 2243 3869 [Β.
2275 3790 2376 3851 om.
2409 3790 3020 3869 Victoriie...'Victt)ris].
3066 3798 3139 3869 νᾼ.
3174 3795 3373 3869 _T._L.,
3417 3790 3736 3869 Δὶκᾷἱευηξεεᾲξλ

2161 3861 2334 3939 itatale
2360 3868 2569 3939 Rogati,
2600 3866 2833 3939 Flaviani
2868 3861 3234 3939 etgﬁ’italisaT.
3261 3865 3319 3919 L.
3366 3864 3569 3939 addant
3589 3861 3736 3939 Eclio

2161 3940 2258 4002 cis,
2290 3931 2665 4004 Pappe'riiqu
2693 3936 2953 4005 ilierapoli
2986 3937 3225 4006 Phrygiae
3256 3938 3428 3989 natale
3456 3934 3555 3989 SS.
3582 3931 3737 3986 Clau-

2153 4008 2318 4072 diani,
2352 4009 2665 4074 Eleutherii,
2696 4008 2830 4062 Justi
2860 4017 2911 4062 et
2936 4006 3188 4061 Victoris.

1862 4092 2066 4148 SMITH
2108 4089 2338 4151 NOTAE.

540 4195 564 4222 ι
597 4183 849 4255 Philippi.
884 4182 945 4237 lli
976 4180 1225 4255 ecclesias
1254 4182 1427 4236 clatnli
1462 4191 1515 4237 et
1536 4183 1750 4255 spoliari
1780 4184 1925 4251 jussu
1950 4184 2043 4239 Ju-

470 4257 595 4310 liani
646 4253 750 4324 per
785 4256 993 4323 iniquos
1043 4254 1292 4315 praesides
1324 4253 1695 4319 prohibebant,
1730 4265 1783 4309 et
1828 4257 1896 4309 ob
1946 4257 2048 4310 hoc

471 4329 653 4381 multis
680 4327 962 4379 tormentis
987 4324 1370 4383 al'ftcieliantur.
1401 4325 1706 4377 careeribus
1730 4341 1832 4389 sc.,
1866 4327 2049 4379 vincu-

472 4399 559 4461 lis,
594 4397 837 4464 ﬂagellis,
871 4396 937 4448 ad
970 4397 1210 4447 ultimum
1240 4411 1366 4447 vero
1397 4395 1725 4448 ﬂammarum
1768 4396 2045 4451 incendio:

472 4469 565 4522 sed
597 4466 807 4521 Domini
842 4468 1032 4518 virtute
1071 4466 1302 4517 roborati
1334 4479 1499 4531 usque
1542 4466 1591 4517 in
1622 4466 1798 4525 linem,
1833 4466 1884 4519 in
1913 4482 2048 4520 con-

2231 4197 2254 4224 ε
2286 4183 2555 4243 Servandi.
2603 4184 2701 4251 Qui
2753 4185 2805 4237 in
2856 4182 3223 4251 persecutione
3272 4180 3585 4234 Diocletiani
3630 4181 3731 4251 sub

2158 4258 2371 4313 Viatore
2393 4258 2593 4309 vicario
2620 4250 2735 4322 post
2766 4250 3010 4316 verbera,
3040 4253 3338 4321 squalorem
3370 4251 3621 4322 carceris.
3655 4250 3736 4303 fa-

2157 4329 2256 4381 mis
2282 4344 2344 4382 ac
2374 4329 2489 4380 sitis
2532 4325 2802 4394 injuriam,
2834 4334 2888 4379 et
2919 4322 3210 4390 longissimi
3243 4321 3447 4394 itineris
3478 4321 3739 4394 laborem,

2156 4413 2313 4467 quem
2361 4399 2502 4452 ferro
2545 4390 2720 4449 onusti
2774 4390 3451 4467 pertulerunt,_novissime
3501 4393 3740 4467 martyrii

2158 4463 2239 4522 sui
2268 4482 2479 4524 cursum
2510 4468 2666 4520 caesis
2689 4464 2985 4519 cervicibus
3028 4463 3413 4530 impleverunt;
3453 4474 3518 4513 ex
3550 4463 3741 4529 quibus

475 4539 706 4591 fessione
743 4539 977 4590 nominis
1013 4534 1131 4602 ejus
1158 4512 1577 4601 perseverarunt.
1609 4538 1664 4588 S.
1696 4512 1969 4590 Ατίυικλε.
2000 4537 2051 4591 in
2087 4512 2134 4571 ι)
2159 4512 2456 4593 Germanus
2488 4537 2757 4600 Emeritze,
2791 4512 3324 4601 Servandus'ﬂiSpali
3364 4512 3609 4585 conditus
3636 4540 3738 4583 est.

473 4612 714 4677 apologia
745 4609 810 4660 de
847 4608 963 4671 fuga
995 4622 1086 4659 Sua
1115 4606 1180 4657 ad
1210 4605 1485 4677 Constant.

548 4678 576 4718 ιι
607 4674 856 4733 Gratiani.
906 4677 1178 4730 Ferrarius
1226 4678 1276 4727 in
1305 4676 1473 4746 Catal.
1505 4674 1747 4729 Generall
1779 4690 1898 4732 eum
1933 4690 2055 4746 pas-

475 4764 595 4805 siim
628 4750 811 4803 scribit
857 4750 905 4800 in
944 4747 1213 4800 territorio
1250 4745 1614 4812 llalbiancnsi,
1648 4745 1961 4817 dubitatque
1988 4764 2055 4803 an

478 4821 731 4875 dicendus
758 4820 824 4872 sit
856 4818 1128 4871 Gatiauus.

553 4902 574 4928 ο
607 4889 923 4943 Theodoriti.
956 4888 1133 4939 Potius
1160 4882 1446 4940 Theodori.
1474 4888 1639 4952 Quem
1662 4887 1900 4941 Julianus
1924 4890 2052 4957 imp.

479 4969 665 5025 utpote
720 4974 989 5013 sacrorum
1060 4972 1306 5010 vasormu
1380 4958 1755 5011 Antiochensis
1808 4960 2056 5012 Ecclesia:

479 5031 779 5094 custodem,
811 5028 900 5097 qui
932 5043 1115 5081 eorum
1148 5028 1389 5080 notitiam
1424 5028 1631 5081 tradere
1663 5029 1883 5093 valeret,
1916 5043 2058 5082 00m-

480 5101 805 5165 prehcnsum
836 5099 1149 5164 gravissime
1177 5099 1453 5151 cruciavit.
1499 5098 1738 5164 Cumque
1777 5098 1914 5151 inter
1948 5110 2057 5151 tor-

482 5181 659 5223 menta
720 5171 840 5222 forti
892 5170 1071 5221 animo
1114 5170 1495 5235 respondisset,
1542 5179 1595 5221 et
1644 5171 1693 5221 in
1745 5169 2058 5221 Christiana:

486 5241 607 5295 tidci
658 5237 993 5294 confessione
1052 5240 1371 5305 enituisset,
1420 5239 1485 5291 ad
1542 5249 1836 5292 extremum
1886 5238 2059 5307 gladio

481 5328 600 5364 eum
651 5310 952 5363 obtruncari
998 5307 1179 5376 jussit.
1234 5308 1501 5363 Somni-ts.
1551 5308 1691 5362 Eccl.
1740 5310 1870 5361 Hist.
1920 5325 1971 5375 v,
2002 5306 2054 5359 8.

483 5381 603 5437 Fuit
643 5392 695 5436 et
726 5382 858 5431 alius
888 5379 1198 5431 'l‘lieodorus
1244 5394 1271 5429 a
1302 5381 1605 5445 gentilibus,
1636 5378 1845 5433 Juliano
1892 5381 2057 5446 impe-

483 5462 659 5517 rante,
706 5454 838 5503 adeo
864 5453 1149 5512 cruciatus,
1186 5459 1243 5501 ut
1279 5467 1398 5502 cum
1428 5450 1802 5513 dimitteretur,
1836 5450 1923 5503 ille
1955 5465 2058 5501 non

485 5526 712 5590 amplius
764 5522 997 5575 victurus
1052 5530 1342 5588 putaretur.
1394 5520 1583 5573 Verum
1632 5522 1766 5573 Deus
1808 5520 2057 5587 juvenem

486 5592 761 5645 servavit:
794 5601 914 5657 post
968 5590 1103 5643 banc
1150 5590 1289 5643 enim
1335 5593 1720 5644 conl‘eSsiunem
1766 5590 2061 5643 diutissime

488 5661 799 5727 Supeivixit.
842 5662 1087 5714 Socrates
1119 5676 1198 5722 ιιι,
1228 5664 1311 5722 ιε),
1365 5660 1652 5726 llsuardus,
1705 5661 1820 5714 Ado
1867 5661 2059 5729 aliique

484 5731 810 5784 recentiores
840 5730 978 5783 hunc
1010 5732 1260 5794 postridie
1286 5732 1485 5781 colunt.

556 5802 585 5841 ιι
618 5796 828 5851 Felicis.
870 5799 944 5853 De
981 5799 1062 5853 hs
1091 5800 1329 5867 superius
1358 5802 1474 5855 vide
1503 5800 1640 5854 diem
1679 5816 1781 5854 xxx
1817 5799 2059 5865 Augusti.

2156 4611 2291 4665 Anu.

2231 4678 2249 4717 ί
2288 4677 2527 4733 Romani.
2562 4676 2686 4731 Fuit
2722 4684 2898 4728 autem
2944 4674 3060 4743 ejus
3100 4673 3242 4728 sedis
3282 4672 3565 4743 episcopus
3598 4670 3742 4743 vire-

2156 4752 2324 4805 simus
2351 4749 2559 4813 ordine,
2590 4746 2830 4813 seditque
2867 4742 3006 4797 nnno
3034 4744 3158 4807 6:22,
3190 4753 3247 4796 ut
3278 4742 3465 4796 tabulae
3495 4742 3611 4806 ejus
3647 4742 3745 4793 Ec-

2156 4822 2335 4874 clesue
2367 4819 2501 4887 apud
2539 4816 2921 4887 Democharem
2948 4816 3209 4887 indicant.

2230 4898 2251 4929 κ
2286 4884 2536 4944 Severini.
2588 4888 2733 4939 Ilunc
2772 4884 3089 4939 Severinum
3141 4886 3309 4951 ipsum
3358 4895 3501 4951 esse,
3528 4890 3738 4951 putant,

2157 4961 2242 5026 qui
2269 4957 2571 5011 Coloniensi
2601 4955 2850 5028 Ecclesia:
2879 4965 3107 5028 praeerat
3139 4950 3375 5022 tempore
3404 4953 3463 5006 S.
3490 4950 3705 5028 Martini
3728 4967 3741 5012 ;

2157 5021 2307 5096 cujus
2344 5029 2545 5081 obitum
2577 5026 2851 5098 divinitus,
2882 5024 3005 5098 licet
3044 5021 3273 5098 absens,
3307 5023 3627 5098 cognovisse
3656 5021 3743 5098 di-

2157 5092 2293 5153 citur
2328 5101 2419 5151 lib.
2448 5111 2463 5149 ι
2495 5101 2559 5150 de
2590 5096 2771 5149 Mirac.
2815 5097 2872 5147 S.
2903 5096 3113 5147 Martini
3156 5109 3273 5158 cap.
3307 5092 3362 5153 4,
3396 5100 3517 5156 αηεὺ
3558 5092 3740 5141 omnia

2158 5171 2530 5223 describuntur
2575 5167 2627 5218 in
2670 5178 2914 5218 sermone
2959 5167 3025 5219 ab
3069 5165 3289 5230 antiquo
3332 5171 3551 5213 auctore
3589 5160 3740 5211 edito

2158 5239 2296 5305 apud
2322 5240 2533 5292 Suriurn
2565 5238 2650 5289 die
2681 5250 2806 5287 nm
2837 5237 3050 5295 Uctob.,
3084 5236 3168 5286 tibi
3205 5235 3352 5298 plura
3380 5234 3444 5284 de
3475 5241 3651 5305 morte
3683 5240 3742 5305 et

2158 5301 2405 5373 sepulcro
2438 5307 2732 5363 habentur;
2776 5305 2914 5371 quod
2946 5304 3353 5371 Burdigaleuses
3399 5301 3740 5373 quampluri-

2160 5370 2301 5433 mum
2335 5387 2672 5431 venerantur.
2701 5370 2922 5440 Quidam
2955 5370 3130 5428 autem
3164 5374 3475 5427 Severinum
3512 5370 3745 5440 hieme-

2161 5461 2420 5502 tnoratum
2465 5463 2496 5501 e
2524 5439 2825 5499 Trevirensi
2874 5447 3124 5511 episcopo
3166 5447 3227 5494 ad
3263 5445 3443 5511 sedem
3476 5439 3708 5504 Burdiga
3731 5469 3744 5475 -

2161 5520 2358 5573 Ietisetu
2410 5517 2682 5570 transiisse
2729 5510 2932 5577 volunt,
2982 5529 3115 5579 quos
3164 5514 3357 5565 refellit
3400 5510 3645 5562 (Iointius
3676 5512 3745 5560 ad

2160 5604 2245 5641 an.
2281 5590 2401 5649 εςπ,
2433 5588 2569 5642 η.·9.
2618 5584 2744 5638 Vide
2769 5582 2981 5650 Lopesii
3012 5584 3207 5637 iiistori
3229 5600 3319 5645 im,
3352 5592 3405 5635 et
3433 5580 3495 5634 (ἶ.
3531 5580 3743 5631 Turon.

2161 5661 2225 5712 de
2255 5658 2431 5712 Gloria
2460 5657 2626 5722 eonf.,
2663 5671 2784 5709 xcv.
2826 5654 3100 5706 Coloniam
3140 5654 3298 5708 etiam
3330 5654 3445 5718 ejus
3475 5651 3747 5722 reliquiae,

2162 5739 2310 5794 parte
2337 5719 2622 5798 Aquitanis
2640 5728 2842 5791 relicta,
2875 5725 3163 5779 honoriﬁce
3192 5724 3364 5777 allata:
3392 5728 3536 5777 sunt.
3569 5719 3742 5773 GIIIN.

2165 5804 2288 5855 Sus.
