  <div class='ocr_page' id='page_1' title='image "/cluster/home/n/w/nwhite01/storage/ocr_20150623/94/hvd.32044054759659/546.png"; bbox 0 0 4054 6190; ppageno 0'>
   <div class='ocr_carea' id='block_1_1' title="bbox 435 289 563 346">
    <p class='ocr_par' dir='ltr' id='par_1_1' title="bbox 435 289 563 346">
     <span class='ocr_line' id='line_1_1' title="bbox 435 289 563 346; baseline 0.008 -1"><span class='ocrx_word' id='word_1_1' title='bbox 435 289 563 346; x_wconf 63' lang='grc'><strong>1981</strong></span> 
     </span>
    </p>
   </div>
   <div class='ocr_carea' id='block_1_2' title="bbox 1575 288 2580 351">
    <p class='ocr_par' dir='ltr' id='par_1_2' title="bbox 1575 288 2580 351">
     <span class='ocr_line' id='line_1_2' title="bbox 1575 288 2580 351; baseline 0.001 -3"><span class='ocrx_word' id='word_1_2' title='bbox 1575 288 1766 348; x_wconf 82' lang='lat' dir='ltr'><strong>SECT.</strong></span> <span class='ocrx_word' id='word_1_3' title='bbox 1810 292 1871 347; x_wconf 90' lang='lat' dir='ltr'><strong>ll.</strong></span> <span class='ocrx_word' id='word_1_4' title='bbox 1914 325 1981 334; x_wconf 91' lang='lat'><strong>——</strong></span> <span class='ocrx_word' id='word_1_5' title='bbox 2016 291 2580 351; x_wconf 75' lang='lat' dir='ltr'><strong>MARTYRULOGIA.</strong></span> 
     </span>
    </p>
   </div>
   <div class='ocr_carea' id='block_1_3' title="bbox 3556 306 3694 363">
    <p class='ocr_par' dir='ltr' id='par_1_3' title="bbox 3556 306 3694 363">
     <span class='ocr_line' id='line_1_3' title="bbox 3556 306 3694 363; baseline -0.029 0"><span class='ocrx_word' id='word_1_6' title='bbox 3556 306 3694 363; x_wconf 66' lang='lat'><strong>£082</strong></span> 
     </span>
    </p>
   </div>
   <div class='ocr_carea' id='block_1_4' title="bbox 1664 404 2387 463">
    <p class='ocr_par' dir='ltr' id='par_1_4' title="bbox 1664 404 2387 463">
     <span class='ocr_line' id='line_1_4' title="bbox 1664 404 2387 463; baseline 0.006 -6"><span class='ocrx_word' id='word_1_7' title='bbox 1664 404 1891 459; x_wconf 86' lang='lat' dir='ltr'><strong>EDITIO</strong></span> <span class='ocrx_word' id='word_1_8' title='bbox 1930 405 2387 463; x_wconf 77' lang='lat' dir='ltr'><strong>COLONIENSIS.</strong></span> 
     </span>
    </p>
   </div>
   <div class='ocr_carea' id='block_1_5' title="bbox 500 491 3692 577">
    <p class='ocr_par' dir='ltr' id='par_1_5' title="bbox 500 491 3692 577">
     <span class='ocr_line' id='line_1_5' title="bbox 500 491 3692 577; baseline 0.007 -29"><span class='ocrx_word' id='word_1_9' title='bbox 500 493 566 548; x_wconf 91' lang='lat' dir='ltr'><strong>D.</strong></span> <span class='ocrx_word' id='word_1_10' title='bbox 615 491 729 545; x_wconf 78' lang='lat' dir='ltr'>VIII</span> <span class='ocrx_word' id='word_1_11' title='bbox 777 492 1017 548; x_wconf 66' lang='lat' dir='ltr'><strong>Imaum</strong></span> <span class='ocrx_word' id='word_1_12' title='bbox 1069 493 1305 549; x_wconf 71' lang='lat' dir='ltr'><strong>Novsun.</strong></span> <span class='ocrx_word' id='word_1_13' title='bbox 1330 522 1402 534; x_wconf 91' lang='lat'><strong>—</strong></span> <span class='ocrx_word' id='word_1_14' title='bbox 1431 493 1684 550; x_wconf 82' lang='lat' dir='ltr'><strong>Bonifacii</strong></span> <span class='ocrx_word' id='word_1_15' title='bbox 1715 512 1886 565; x_wconf 76' lang='lat' dir='ltr'><strong>papze,</strong></span> <span class='ocrx_word' id='word_1_16' title='bbox 1916 500 2003 566; x_wconf 88' lang='lat' dir='ltr'><strong>qui</strong></span> <span class='ocrx_word' id='word_1_17' title='bbox 2033 509 2080 562; x_wconf 76' lang='grc' dir='ltr'><strong>Α</strong></span> <span class='ocrx_word' id='word_1_18' title='bbox 2109 502 2347 570; x_wconf 78' lang='lat' dir='ltr'><strong>Cumque</strong></span> <span class='ocrx_word' id='word_1_19' title='bbox 2371 502 2526 555; x_wconf 88' lang='lat' dir='ltr'><strong>tertio</strong></span> <span class='ocrx_word' id='word_1_20' title='bbox 2551 501 2634 555; x_wconf 90' lang='lat' dir='ltr'><strong>die</strong></span> <span class='ocrx_word' id='word_1_21' title='bbox 2659 500 2862 557; x_wconf 90' lang='lat' dir='ltr'><strong>itineris</strong></span> <span class='ocrx_word' id='word_1_22' title='bbox 2885 503 3024 558; x_wconf 87' lang='lat' dir='ltr'><strong>idem</strong></span> <span class='ocrx_word' id='word_1_23' title='bbox 3050 504 3309 577; x_wconf 79' lang='lat' dir='ltr'><strong>Georgius</strong></span> <span class='ocrx_word' id='word_1_24' title='bbox 3340 509 3526 569; x_wconf 84' lang='lat' dir='ltr'><strong>luisset</strong></span> <span class='ocrx_word' id='word_1_25' title='bbox 3549 530 3692 570; x_wconf 88' lang='lat' dir='ltr'><strong>mor-</strong></span> 
     </span>
    </p>
   </div>
   <div class='ocr_carea' id='block_1_6' title="bbox 431 582 2003 657">
    <p class='ocr_par' dir='ltr' id='par_1_6' title="bbox 431 582 2003 657">
     <span class='ocr_line' id='line_1_6' title="bbox 431 582 2003 657; baseline 0.003 -20"><span class='ocrx_word' id='word_1_26' title='bbox 431 583 568 637; x_wconf 90' lang='lat' dir='ltr'><strong>sedit</strong></span> <span class='ocrx_word' id='word_1_27' title='bbox 598 582 779 636; x_wconf 73' lang='lat' dir='ltr'><strong>Roma:</strong></span> <span class='ocrx_word' id='word_1_28' title='bbox 808 594 978 638; x_wconf 84' lang='lat' dir='ltr'><strong>annos</strong></span> <span class='ocrx_word' id='word_1_29' title='bbox 1008 593 1132 639; x_wconf 88' lang='lat' dir='ltr'><strong>tres.</strong></span> <span class='ocrx_word' id='word_1_30' title='bbox 1164 584 1263 638; x_wconf 88' lang='lat' dir='ltr'><strong>llic</strong></span> <span class='ocrx_word' id='word_1_31' title='bbox 1290 585 1531 655; x_wconf 89' lang='lat' dir='ltr'><strong>sepultus</strong></span> <span class='ocrx_word' id='word_1_32' title='bbox 1559 596 1640 641; x_wconf 89' lang='lat' dir='ltr'><strong>est</strong></span> <span class='ocrx_word' id='word_1_33' title='bbox 1674 588 1754 641; x_wconf 84' lang='lat' dir='ltr'><strong>via</strong></span> <span class='ocrx_word' id='word_1_34' title='bbox 1778 588 2003 657; x_wconf 84' lang='lat' dir='ltr'><strong>Salaria,</strong></span> 
     </span>
    </p>
   </div>
   <div class='ocr_carea' id='block_1_7' title="bbox 428 676 1998 743">
    <p class='ocr_par' dir='ltr' id='par_1_7' title="bbox 428 676 1998 743">
     <span class='ocr_line' id='line_1_7' title="bbox 428 676 1998 743; baseline 0.005 -16"><span class='ocrx_word' id='word_1_35' title='bbox 428 676 577 743; x_wconf 80' lang='lat' dir='ltr'><strong>juxta</strong></span> <span class='ocrx_word' id='word_1_36' title='bbox 608 689 800 741; x_wconf 91' lang='lat' dir='ltr'><strong>corpus</strong></span> <span class='ocrx_word' id='word_1_37' title='bbox 830 685 1026 730; x_wconf 64' lang='lat' dir='ltr'><strong>sanctae</strong></span> <span class='ocrx_word' id='word_1_38' title='bbox 1066 676 1375 733; x_wconf 71' lang='lat' dir='ltr'><strong>Felicitatis.</strong></span> <span class='ocrx_word' id='word_1_39' title='bbox 1422 680 1516 733; x_wconf 91' lang='lat' dir='ltr'><strong>llic</strong></span> <span class='ocrx_word' id='word_1_40' title='bbox 1558 682 1834 736; x_wconf 84' lang='lat' dir='ltr'><strong>constituit</strong></span> <span class='ocrx_word' id='word_1_41' title='bbox 1882 698 1998 737; x_wconf 84' lang='lat' dir='ltr'><strong>ser-</strong></span> 
     </span>
    </p>
   </div>
   <div class='ocr_carea' id='block_1_8' title="bbox 432 766 2009 839">
    <p class='ocr_par' dir='ltr' id='par_1_8' title="bbox 432 766 2009 839">
     <span class='ocr_line' id='line_1_8' title="bbox 432 766 2009 839; baseline 0.008 -24"><span class='ocrx_word' id='word_1_42' title='bbox 432 778 554 817; x_wconf 84' lang='lat' dir='ltr'><strong>vum</strong></span> <span class='ocrx_word' id='word_1_43' title='bbox 604 766 856 819; x_wconf 88' lang='lat' dir='ltr'><strong>clericum</strong></span> <span class='ocrx_word' id='word_1_44' title='bbox 902 780 1006 820; x_wconf 90' lang='lat' dir='ltr'><strong>non</strong></span> <span class='ocrx_word' id='word_1_45' title='bbox 1050 768 1178 832; x_wconf 86' lang='lat' dir='ltr'><strong>ﬁeri,</strong></span> <span class='ocrx_word' id='word_1_46' title='bbox 1221 784 1321 823; x_wconf 90' lang='lat' dir='ltr'><strong>nec</strong></span> <span class='ocrx_word' id='word_1_47' title='bbox 1364 770 1652 824; x_wconf 78' lang='lat' dir='ltr'><strong>obnoxium</strong></span> <span class='ocrx_word' id='word_1_48' title='bbox 1699 773 1882 839; x_wconf 69' lang='lat' dir='ltr'><strong>curiae,</strong></span> <span class='ocrx_word' id='word_1_49' title='bbox 1926 774 2009 827; x_wconf 91' lang='lat' dir='ltr'><strong>vel</strong></span> 
     </span>
    </p>
   </div>
   <div class='ocr_carea' id='block_1_9' title="bbox 432 855 2011 930">
    <p class='ocr_par' dir='ltr' id='par_1_9' title="bbox 432 855 2011 930">
     <span class='ocr_line' id='line_1_9' title="bbox 432 855 2011 930; baseline 0.008 -22"><span class='ocrx_word' id='word_1_50' title='bbox 432 855 714 924; x_wconf 84' lang='lat' dir='ltr'><strong>cujuslibet</strong></span> <span class='ocrx_word' id='word_1_51' title='bbox 750 857 849 911; x_wconf 89' lang='lat' dir='ltr'><strong>rei.</strong></span> <span class='ocrx_word' id='word_1_52' title='bbox 909 857 962 912; x_wconf 91' lang='lat' dir='ltr'><strong>lu</strong></span> <span class='ocrx_word' id='word_1_53' title='bbox 1013 858 1179 913; x_wconf 87' lang='lat' dir='ltr'><strong>Gallia</strong></span> <span class='ocrx_word' id='word_1_54' title='bbox 1219 860 1434 917; x_wconf 83' lang='lat' dir='ltr'><strong>civitate</strong></span> <span class='ocrx_word' id='word_1_55' title='bbox 1474 865 1797 930; x_wconf 86' lang='lat' dir='ltr'><strong>Suessionis,</strong></span> <span class='ocrx_word' id='word_1_56' title='bbox 1838 865 2011 921; x_wconf 91' lang='lat' dir='ltr'><strong>natale</strong></span> 
     </span>
    </p>
   </div>
   <div class='ocr_carea' id='block_1_10' title="bbox 432 948 2011 1027">
    <p class='ocr_par' dir='ltr' id='par_1_10' title="bbox 432 948 2011 1027">
     <span class='ocr_line' id='line_1_10' title="bbox 432 948 2011 1027; baseline 0.009 -27"><span class='ocrx_word' id='word_1_57' title='bbox 432 954 732 1002; x_wconf 87' lang='lat' dir='ltr'><strong>sanctorum</strong></span> <span class='ocrx_word' id='word_1_58' title='bbox 766 948 993 1019; x_wconf 77' lang='lat' dir='ltr'><strong>Crispini</strong></span> <span class='ocrx_word' id='word_1_59' title='bbox 1024 963 1076 1007; x_wconf 91' lang='lat' dir='ltr'><strong>et</strong></span> <span class='ocrx_word' id='word_1_60' title='bbox 1104 954 1453 1022; x_wconf 86' lang='lat' dir='ltr'><strong>Crispiniani,</strong></span> <span class='ocrx_word' id='word_1_61' title='bbox 1496 972 1586 1027; x_wconf 89' lang='lat' dir='ltr'><strong>quI</strong></span> <span class='ocrx_word' id='word_1_62' title='bbox 1641 961 2011 1025; x_wconf 81' lang='lat' dir='ltr'><strong>persecutione</strong></span> 
     </span>
    </p>
   </div>
   <div class='ocr_carea' id='block_1_11' title="bbox 436 1037 2010 1101">
    <p class='ocr_par' dir='ltr' id='par_1_11' title="bbox 436 1037 2010 1101">
     <span class='ocr_line' id='line_1_11' title="bbox 436 1037 2010 1101; baseline 0.006 -12"><span class='ocrx_word' id='word_1_63' title='bbox 436 1037 744 1093; x_wconf 82' lang='lat' dir='ltr'><strong>Diocletiani</strong></span> <span class='ocrx_word' id='word_1_64' title='bbox 776 1048 829 1093; x_wconf 92' lang='lat' dir='ltr'><strong>et</strong></span> <span class='ocrx_word' id='word_1_65' title='bbox 859 1041 1161 1095; x_wconf 73' lang='lat' dir='ltr'><strong>Maximiani</strong></span> <span class='ocrx_word' id='word_1_66' title='bbox 1192 1044 1255 1096; x_wconf 87' lang='lat' dir='ltr'><strong>ad</strong></span> <span class='ocrx_word' id='word_1_67' title='bbox 1292 1044 1557 1099; x_wconf 79' lang='lat' dir='ltr'><strong>troclileas</strong></span> <span class='ocrx_word' id='word_1_68' title='bbox 1589 1048 1787 1100; x_wconf 73' lang='lat' dir='ltr'><strong>extenti</strong></span> <span class='ocrx_word' id='word_1_69' title='bbox 1816 1056 1869 1100; x_wconf 80' lang='lat' dir='ltr'><strong>et</strong></span> <span class='ocrx_word' id='word_1_70' title='bbox 1901 1046 2010 1101; x_wconf 83' lang='lat' dir='ltr'><strong>lus-</strong></span> 
     </span>
    </p>
   </div>
   <div class='ocr_carea' id='block_1_12' title="bbox 433 1125 2008 1201">
    <p class='ocr_par' dir='ltr' id='par_1_12' title="bbox 433 1125 2008 1201">
     <span class='ocr_line' id='line_1_12' title="bbox 433 1125 2008 1201; baseline 0.007 -22"><span class='ocrx_word' id='word_1_71' title='bbox 433 1125 570 1180; x_wconf 88' lang='lat' dir='ltr'><strong>tibus</strong></span> <span class='ocrx_word' id='word_1_72' title='bbox 594 1128 747 1194; x_wconf 66' lang='lat' dir='ltr'><strong>caasi,</strong></span> <span class='ocrx_word' id='word_1_73' title='bbox 784 1134 1061 1198; x_wconf 83' lang='lat' dir='ltr'><strong>postquam</strong></span> <span class='ocrx_word' id='word_1_74' title='bbox 1091 1131 1243 1201; x_wconf 75' lang='lat' dir='ltr'><strong>digiti</strong></span> <span class='ocrx_word' id='word_1_75' title='bbox 1291 1144 1475 1186; x_wconf 72' lang='lat' dir='ltr'><strong>eorum</strong></span> <span class='ocrx_word' id='word_1_76' title='bbox 1523 1135 1726 1188; x_wconf 90' lang='lat' dir='ltr'><strong>subulis</strong></span> <span class='ocrx_word' id='word_1_77' title='bbox 1773 1137 2008 1191; x_wconf 80' lang='lat' dir='ltr'><strong>transﬁxi</strong></span> 
     </span>
    </p>
   </div>
   <div class='ocr_carea' id='block_1_13' title="bbox 432 1219 2008 1293">
    <p class='ocr_par' dir='ltr' id='par_1_13' title="bbox 432 1219 2008 1293">
     <span class='ocr_line' id='line_1_13' title="bbox 432 1219 2008 1293; baseline 0.009 -24"><span class='ocrx_word' id='word_1_78' title='bbox 432 1226 585 1283; x_wconf 81' lang='lat' dir='ltr'><strong>sunt,</strong></span> <span class='ocrx_word' id='word_1_79' title='bbox 634 1227 689 1273; x_wconf 88' lang='lat' dir='ltr'><strong>et</strong></span> <span class='ocrx_word' id='word_1_80' title='bbox 731 1219 798 1275; x_wconf 92' lang='lat' dir='ltr'><strong>de</strong></span> <span class='ocrx_word' id='word_1_81' title='bbox 841 1220 1003 1275; x_wconf 86' lang='lat' dir='ltr'><strong>dorso</strong></span> <span class='ocrx_word' id='word_1_82' title='bbox 1031 1237 1214 1276; x_wconf 89' lang='lat' dir='ltr'><strong>eorum</strong></span> <span class='ocrx_word' id='word_1_83' title='bbox 1248 1223 1355 1277; x_wconf 91' lang='lat' dir='ltr'><strong>lora</strong></span> <span class='ocrx_word' id='word_1_84' title='bbox 1389 1227 1628 1293; x_wconf 69' lang='lat' dir='ltr'><strong>praacisa,</strong></span> <span class='ocrx_word' id='word_1_85' title='bbox 1670 1226 1732 1279; x_wconf 88' lang='lat' dir='ltr'><strong>ad</strong></span> <span class='ocrx_word' id='word_1_86' title='bbox 1766 1227 2008 1283; x_wconf 88' lang='lat' dir='ltr'><strong>ultimum</strong></span> 
     </span>
    </p>
   </div>
   <div class='ocr_carea' id='block_1_14' title="bbox 432 1307 2010 1387">
    <p class='ocr_par' dir='ltr' id='par_1_14' title="bbox 432 1307 2010 1387">
     <span class='ocr_line' id='line_1_14' title="bbox 432 1307 2010 1387; baseline 0.008 -28"><span class='ocrx_word' id='word_1_87' title='bbox 432 1307 609 1374; x_wconf 79' lang='lat' dir='ltr'><strong>gladio</strong></span> <span class='ocrx_word' id='word_1_88' title='bbox 638 1309 907 1372; x_wconf 87' lang='lat' dir='ltr'><strong>trucidati,</strong></span> <span class='ocrx_word' id='word_1_89' title='bbox 950 1325 1201 1365; x_wconf 80' lang='lat' dir='ltr'><strong>coronam</strong></span> <span class='ocrx_word' id='word_1_90' title='bbox 1256 1315 1493 1382; x_wconf 78' lang='lat' dir='ltr'><strong>martyrii</strong></span> <span class='ocrx_word' id='word_1_91' title='bbox 1536 1316 1710 1383; x_wconf 83' lang='lat' dir='ltr'><strong>adepti</strong></span> <span class='ocrx_word' id='word_1_92' title='bbox 1743 1325 1882 1387; x_wconf 90' lang='lat' dir='ltr'><strong>sunl.</strong></span> <span class='ocrx_word' id='word_1_93' title='bbox 1916 1317 2010 1372; x_wconf 84' lang='lat' dir='ltr'><strong>Pe-</strong></span> 
     </span>
    </p>
   </div>
   <div class='ocr_carea' id='block_1_15' title="bbox 436 1396 2011 1475">
    <p class='ocr_par' dir='ltr' id='par_1_15' title="bbox 436 1396 2011 1475">
     <span class='ocr_line' id='line_1_15' title="bbox 436 1396 2011 1475; baseline 0.008 -24"><span class='ocrx_word' id='word_1_94' title='bbox 436 1400 724 1467; x_wconf 79' lang='lat' dir='ltr'><strong>tragoricas</strong></span> <span class='ocrx_word' id='word_1_95' title='bbox 752 1396 961 1456; x_wconf 80' lang='lat' dir='ltr'><strong>civitate</strong></span> <span class='ocrx_word' id='word_1_96' title='bbox 991 1405 1166 1459; x_wconf 82' lang='lat' dir='ltr'><strong>natale</strong></span> <span class='ocrx_word' id='word_1_97' title='bbox 1195 1405 1361 1458; x_wconf 88' lang='lat' dir='ltr'><strong>sancti</strong></span> <span class='ocrx_word' id='word_1_98' title='bbox 1391 1404 1690 1470; x_wconf 85' lang='lat' dir='ltr'><strong>Frontonis,</strong></span> <span class='ocrx_word' id='word_1_99' title='bbox 1716 1406 1802 1475; x_wconf 89' lang='lat' dir='ltr'><strong>qui</strong></span> <span class='ocrx_word' id='word_1_100' title='bbox 1830 1406 2011 1463; x_wconf 71' lang='lat' dir='ltr'><strong>Roma:</strong></span> 
     </span>
    </p>
   </div>
   <div class='ocr_carea' id='block_1_16' title="bbox 434 1489 2010 1567">
    <p class='ocr_par' dir='ltr' id='par_1_16' title="bbox 434 1489 2010 1567">
     <span class='ocr_line' id='line_1_16' title="bbox 434 1489 2010 1567; baseline 0.008 -26"><span class='ocrx_word' id='word_1_101' title='bbox 434 1502 463 1541; x_wconf 89' lang='lat' dir='ltr'><strong>a</strong></span> <span class='ocrx_word' id='word_1_102' title='bbox 507 1489 661 1545; x_wconf 86' lang='lat' dir='ltr'><strong>beato</strong></span> <span class='ocrx_word' id='word_1_103' title='bbox 709 1490 866 1547; x_wconf 88' lang='lat' dir='ltr'><strong>Petro</strong></span> <span class='ocrx_word' id='word_1_104' title='bbox 921 1496 1201 1564; x_wconf 87' lang='lat' dir='ltr'><strong>episcopus</strong></span> <span class='ocrx_word' id='word_1_105' title='bbox 1249 1492 1557 1561; x_wconf 89' lang='lat' dir='ltr'><strong>ordinatus,</strong></span> <span class='ocrx_word' id='word_1_106' title='bbox 1612 1513 1734 1551; x_wconf 90' lang='lat' dir='ltr'><strong>cum</strong></span> <span class='ocrx_word' id='word_1_107' title='bbox 1785 1497 2010 1567; x_wconf 83' lang='lat' dir='ltr'><strong>Georgio</strong></span> 
     </span>
    </p>
   </div>
   <div class='ocr_carea' id='block_1_17' title="bbox 436 1581 2006 1657">
    <p class='ocr_par' dir='ltr' id='par_1_17' title="bbox 436 1581 2006 1657">
     <span class='ocr_line' id='line_1_17' title="bbox 436 1581 2006 1657; baseline 0.011 -28"><span class='ocrx_word' id='word_1_108' title='bbox 436 1581 745 1650; x_wconf 81' lang='lat' dir='ltr'><strong>presbytero</strong></span> <span class='ocrx_word' id='word_1_109' title='bbox 785 1583 851 1635; x_wconf 90' lang='lat' dir='ltr'><strong>ad</strong></span> <span class='ocrx_word' id='word_1_110' title='bbox 882 1584 1274 1652; x_wconf 64' lang='lat' dir='ltr'><strong>praedicandum</strong></span> <span class='ocrx_word' id='word_1_111' title='bbox 1309 1586 1645 1657; x_wconf 77' lang='lat' dir='ltr'><strong>Evangelium</strong></span> <span class='ocrx_word' id='word_1_112' title='bbox 1682 1589 1875 1642; x_wconf 89' lang='lat' dir='ltr'><strong>missus</strong></span> <span class='ocrx_word' id='word_1_113' title='bbox 1902 1602 2006 1647; x_wconf 82' lang='lat' dir='ltr'><strong>est.</strong></span> 
     </span>
    </p>
   </div>
   <div class='ocr_carea' id='block_1_18' title="bbox 2112 591 3688 667">
    <p class='ocr_par' dir='ltr' id='par_1_18' title="bbox 2112 591 3688 667">
     <span class='ocr_line' id='line_1_18' title="bbox 2112 591 3688 667; baseline 0.01 -24"><span class='ocrx_word' id='word_1_114' title='bbox 2112 601 2252 657; x_wconf 88' lang='lat' dir='ltr'><strong>tuus,</strong></span> <span class='ocrx_word' id='word_1_115' title='bbox 2307 607 2542 647; x_wconf 76' lang='lat' dir='ltr'><strong>moerens</strong></span> <span class='ocrx_word' id='word_1_116' title='bbox 2589 591 2789 646; x_wconf 86' lang='lat' dir='ltr'><strong>Fronto</strong></span> <span class='ocrx_word' id='word_1_117' title='bbox 2839 609 3083 649; x_wconf 88' lang='lat' dir='ltr'><strong>reversus</strong></span> <span class='ocrx_word' id='word_1_118' title='bbox 3126 607 3208 651; x_wconf 93' lang='lat' dir='ltr'><strong>est</strong></span> <span class='ocrx_word' id='word_1_119' title='bbox 3251 599 3315 651; x_wconf 90' lang='lat' dir='ltr'><strong>ad</strong></span> <span class='ocrx_word' id='word_1_120' title='bbox 3354 602 3688 667; x_wconf 84' lang='lat' dir='ltr'><strong>Apostolum,</strong></span> 
     </span>
    </p>
   </div>
   <div class='ocr_carea' id='block_1_19' title="bbox 2110 686 3688 765">
    <p class='ocr_par' dir='ltr' id='par_1_19' title="bbox 2110 686 3688 765">
     <span class='ocr_line' id='line_1_19' title="bbox 2110 686 3688 765; baseline 0.006 -29"><span class='ocrx_word' id='word_1_121' title='bbox 2110 692 2435 753; x_wconf 88' lang='lat' dir='ltr'><strong>acceptoque</strong></span> <span class='ocrx_word' id='word_1_122' title='bbox 2474 686 2590 754; x_wconf 82' lang='lat' dir='ltr'><strong>ejus</strong></span> <span class='ocrx_word' id='word_1_123' title='bbox 2648 686 2857 752; x_wconf 82' lang='lat' dir='ltr'><strong>baculo,</strong></span> <span class='ocrx_word' id='word_1_124' title='bbox 2913 699 2963 741; x_wconf 93' lang='lat' dir='ltr'><strong>et</strong></span> <span class='ocrx_word' id='word_1_125' title='bbox 3012 704 3173 756; x_wconf 85' lang='lat' dir='ltr'><strong>super</strong></span> <span class='ocrx_word' id='word_1_126' title='bbox 3211 706 3403 765; x_wconf 85' lang='lat' dir='ltr'><strong>corpus</strong></span> <span class='ocrx_word' id='word_1_127' title='bbox 3456 692 3688 748; x_wconf 79' lang='lat' dir='ltr'><strong>defuncti</strong></span> 
     </span>
    </p>
   </div>
   <div class='ocr_carea' id='block_1_20' title="bbox 2113 775 3690 854">
    <p class='ocr_par' dir='ltr' id='par_1_20' title="bbox 2113 775 3690 854">
     <span class='ocr_line' id='line_1_20' title="bbox 2113 775 3690 854; baseline 0.007 -27"><span class='ocrx_word' id='word_1_128' title='bbox 2113 775 2307 842; x_wconf 88' lang='lat' dir='ltr'><strong>posito,</strong></span> <span class='ocrx_word' id='word_1_129' title='bbox 2359 777 2563 830; x_wconf 88' lang='lat' dir='ltr'><strong>socium</strong></span> <span class='ocrx_word' id='word_1_130' title='bbox 2605 778 2671 831; x_wconf 89' lang='lat' dir='ltr'><strong>de</strong></span> <span class='ocrx_word' id='word_1_131' title='bbox 2714 792 2886 835; x_wconf 88' lang='lat' dir='ltr'><strong>morte</strong></span> <span class='ocrx_word' id='word_1_132' title='bbox 2917 785 3144 851; x_wconf 84' lang='lat' dir='ltr'><strong>recepit;</strong></span> <span class='ocrx_word' id='word_1_133' title='bbox 3194 785 3376 854; x_wconf 88' lang='lat' dir='ltr'><strong>sicque</strong></span> <span class='ocrx_word' id='word_1_134' title='bbox 3405 786 3468 840; x_wconf 90' lang='lat' dir='ltr'><strong>ad</strong></span> <span class='ocrx_word' id='word_1_135' title='bbox 3500 789 3690 854; x_wconf 74' lang='lat' dir='ltr'><strong>prmdi-</strong></span> 
     </span>
    </p>
   </div>
   <div class='ocr_carea' id='block_1_21' title="bbox 2112 864 3690 943">
    <p class='ocr_par' dir='ltr' id='par_1_21' title="bbox 2112 864 3690 943">
     <span class='ocr_line' id='line_1_21' title="bbox 2112 864 3690 943; baseline 0.008 -28"><span class='ocrx_word' id='word_1_136' title='bbox 2112 873 2251 917; x_wconf 87' lang='lat' dir='ltr'><strong>ctam</strong></span> <span class='ocrx_word' id='word_1_137' title='bbox 2274 864 2539 919; x_wconf 79' lang='lat' dir='ltr'><strong>civitatem</strong></span> <span class='ocrx_word' id='word_1_138' title='bbox 2567 867 2801 933; x_wconf 88' lang='lat' dir='ltr'><strong>veniens,</strong></span> <span class='ocrx_word' id='word_1_139' title='bbox 2832 887 3072 939; x_wconf 84' lang='lat' dir='ltr'><strong>magnam</strong></span> <span class='ocrx_word' id='word_1_140' title='bbox 3100 874 3267 943; x_wconf 83' lang='lat' dir='ltr'><strong>gentis</strong></span> <span class='ocrx_word' id='word_1_141' title='bbox 3293 876 3431 929; x_wconf 85' lang='lat' dir='ltr'><strong>illius</strong></span> <span class='ocrx_word' id='word_1_142' title='bbox 3455 876 3690 929; x_wconf 86' lang='lat' dir='ltr'><strong>multitu—</strong></span> 
     </span>
    </p>
   </div>
   <div class='ocr_carea' id='block_1_22' title="bbox 2115 954 3692 1029">
    <p class='ocr_par' dir='ltr' id='par_1_22' title="bbox 2115 954 3692 1029">
     <span class='ocr_line' id='line_1_22' title="bbox 2115 954 3692 1029; baseline 0.009 -23"><span class='ocrx_word' id='word_1_143' title='bbox 2115 954 2294 1009; x_wconf 83' lang='lat' dir='ltr'><strong>dinem</strong></span> <span class='ocrx_word' id='word_1_144' title='bbox 2320 955 2581 1010; x_wconf 89' lang='lat' dir='ltr'><strong>couvertit</strong></span> <span class='ocrx_word' id='word_1_145' title='bbox 2618 959 2682 1011; x_wconf 91' lang='lat' dir='ltr'><strong>ad</strong></span> <span class='ocrx_word' id='word_1_146' title='bbox 2715 960 3004 1029; x_wconf 82' lang='lat' dir='ltr'><strong>Christum,</strong></span> <span class='ocrx_word' id='word_1_147' title='bbox 3049 974 3100 1017; x_wconf 91' lang='lat' dir='ltr'><strong>et</strong></span> <span class='ocrx_word' id='word_1_148' title='bbox 3132 967 3311 1020; x_wconf 69' lang='lat' dir='ltr'><strong>multis</strong></span> <span class='ocrx_word' id='word_1_149' title='bbox 3333 969 3503 1019; x_wconf 89' lang='lat' dir='ltr'><strong>clarus</strong></span> <span class='ocrx_word' id='word_1_150' title='bbox 3530 968 3692 1021; x_wconf 81' lang='lat' dir='ltr'><strong>virtu-</strong></span> 
     </span>
    </p>
   </div>
   <div class='ocr_carea' id='block_1_23' title="bbox 2115 1045 3689 1127">
    <p class='ocr_par' dir='ltr' id='par_1_23' title="bbox 2115 1045 3689 1127">
     <span class='ocr_line' id='line_1_23' title="bbox 2115 1045 3689 1127; baseline 0.01 -30"><span class='ocrx_word' id='word_1_151' title='bbox 2115 1045 2254 1097; x_wconf 87' lang='lat' dir='ltr'><strong>tibus</strong></span> <span class='ocrx_word' id='word_1_152' title='bbox 2285 1046 2335 1098; x_wconf 92' lang='lat' dir='ltr'><strong>in</strong></span> <span class='ocrx_word' id='word_1_153' title='bbox 2369 1060 2497 1114; x_wconf 89' lang='lat' dir='ltr'><strong>pace</strong></span> <span class='ocrx_word' id='word_1_154' title='bbox 2528 1047 2743 1115; x_wconf 84' lang='lat' dir='ltr'><strong>quievit.</strong></span> <span class='ocrx_word' id='word_1_155' title='bbox 2799 1052 2980 1105; x_wconf 73' lang='lat' dir='ltr'><strong>Roma:</strong></span> <span class='ocrx_word' id='word_1_156' title='bbox 3009 1058 3092 1106; x_wconf 88' lang='lat' dir='ltr'><strong>via</strong></span> <span class='ocrx_word' id='word_1_157' title='bbox 3126 1055 3328 1112; x_wconf 87' lang='lat' dir='ltr'><strong>Salaria</strong></span> <span class='ocrx_word' id='word_1_158' title='bbox 3357 1059 3531 1111; x_wconf 87' lang='lat' dir='ltr'><strong>natale</strong></span> <span class='ocrx_word' id='word_1_159' title='bbox 3560 1074 3689 1127; x_wconf 88' lang='lat' dir='ltr'><strong>qua-</strong></span> 
     </span>
    </p>
   </div>
   <div class='ocr_carea' id='block_1_24' title="bbox 2113 1134 3689 1215">
    <p class='ocr_par' dir='ltr' id='par_1_24' title="bbox 2113 1134 3689 1215">
     <span class='ocr_line' id='line_1_24' title="bbox 2113 1134 3689 1215; baseline 0.01 -25"><span class='ocrx_word' id='word_1_160' title='bbox 2113 1134 2352 1207; x_wconf 79' lang='lat' dir='ltr'><strong>draginta</strong></span> <span class='ocrx_word' id='word_1_161' title='bbox 2384 1153 2474 1191; x_wconf 85' lang='lat' dir='ltr'><strong>sex</strong></span> <span class='ocrx_word' id='word_1_162' title='bbox 2509 1139 2731 1194; x_wconf 85' lang='lat' dir='ltr'><strong>militum</strong></span> <span class='ocrx_word' id='word_1_163' title='bbox 2763 1144 2850 1209; x_wconf 93' lang='lat' dir='ltr'><strong>qui</strong></span> <span class='ocrx_word' id='word_1_164' title='bbox 2874 1145 3030 1197; x_wconf 89' lang='lat' dir='ltr'><strong>simul</strong></span> <span class='ocrx_word' id='word_1_165' title='bbox 3056 1148 3302 1215; x_wconf 87' lang='lat' dir='ltr'><strong>baptizati</strong></span> <span class='ocrx_word' id='word_1_166' title='bbox 3337 1162 3459 1203; x_wconf 90' lang='lat' dir='ltr'><strong>sunt</strong></span> <span class='ocrx_word' id='word_1_167' title='bbox 3483 1167 3509 1202; x_wconf 91' lang='lat' dir='ltr'><strong>a</strong></span> <span class='ocrx_word' id='word_1_168' title='bbox 3535 1152 3689 1206; x_wconf 89' lang='lat' dir='ltr'><strong>beato</strong></span> 
     </span>
    </p>
   </div>
   <div class='ocr_carea' id='block_1_25' title="bbox 2120 1227 3690 1308">
    <p class='ocr_par' dir='ltr' id='par_1_25' title="bbox 2120 1227 3690 1308">
     <span class='ocr_line' id='line_1_25' title="bbox 2120 1227 3690 1308; baseline 0.011 -30"><span class='ocrx_word' id='word_1_169' title='bbox 2120 1227 2364 1297; x_wconf 87' lang='lat' dir='ltr'><strong>Dionysio</strong></span> <span class='ocrx_word' id='word_1_170' title='bbox 2403 1242 2558 1296; x_wconf 90' lang='lat' dir='ltr'><strong>papa,</strong></span> <span class='ocrx_word' id='word_1_171' title='bbox 2606 1238 2659 1283; x_wconf 89' lang='lat' dir='ltr'><strong>et</strong></span> <span class='ocrx_word' id='word_1_172' title='bbox 2688 1244 2809 1284; x_wconf 89' lang='lat' dir='ltr'><strong>mox</strong></span> <span class='ocrx_word' id='word_1_173' title='bbox 2851 1231 3076 1301; x_wconf 87' lang='lat' dir='ltr'><strong>jubente</strong></span> <span class='ocrx_word' id='word_1_174' title='bbox 3107 1238 3324 1293; x_wconf 88' lang='lat' dir='ltr'><strong>Claudio</strong></span> <span class='ocrx_word' id='word_1_175' title='bbox 3365 1241 3690 1308; x_wconf 79' lang='lat' dir='ltr'><strong>imperatore</strong></span> 
     </span>
    </p>
   </div>
   <div class='ocr_carea' id='block_1_26' title="bbox 2114 1319 2523 1373">
    <p class='ocr_par' dir='ltr' id='par_1_26' title="bbox 2114 1319 2523 1373">
     <span class='ocr_line' id='line_1_26' title="bbox 2114 1319 2523 1373; baseline 0.005 -2"><span class='ocrx_word' id='word_1_176' title='bbox 2114 1319 2356 1373; x_wconf 90' lang='lat' dir='ltr'><strong>decollati</strong></span> <span class='ocrx_word' id='word_1_177' title='bbox 2380 1329 2523 1373; x_wconf 91' lang='lat' dir='ltr'><strong>sunt.</strong></span> 
     </span>
    </p>
   </div>
   <div class='ocr_carea' id='block_1_27' title="bbox 2186 1410 3689 1487">
    <p class='ocr_par' dir='ltr' id='par_1_27' title="bbox 2186 1410 3689 1487">
     <span class='ocr_line' id='line_1_27' title="bbox 2186 1410 3689 1487; baseline 0.01 -24"><span class='ocrx_word' id='word_1_178' title='bbox 2186 1410 2247 1463; x_wconf 86' lang='lat' dir='ltr'><strong>E.</strong></span> <span class='ocrx_word' id='word_1_179' title='bbox 2292 1410 2376 1464; x_wconf 85' lang='lat' dir='ltr'>VII</span> <span class='ocrx_word' id='word_1_180' title='bbox 2420 1411 2656 1467; x_wconf 75' lang='lat' dir='ltr'><strong>KALEND.</strong></span> <span class='ocrx_word' id='word_1_181' title='bbox 2698 1414 2937 1469; x_wconf 66' lang='lat' dir='ltr'><strong>Novum.</strong></span> <span class='ocrx_word' id='word_1_182' title='bbox 2965 1446 3033 1455; x_wconf 95' lang='lat'><strong><em>—</em></strong></span> <span class='ocrx_word' id='word_1_183' title='bbox 3067 1419 3220 1487; x_wconf 89' lang='lat' dir='ltr'><strong>Apud</strong></span> <span class='ocrx_word' id='word_1_184' title='bbox 3253 1421 3482 1475; x_wconf 83' lang='lat' dir='ltr'><strong>Africam</strong></span> <span class='ocrx_word' id='word_1_185' title='bbox 3514 1423 3689 1479; x_wconf 88' lang='lat' dir='ltr'><strong>natale</strong></span> 
     </span>
    </p>
   </div>
   <div class='ocr_carea' id='block_1_28' title="bbox 2112 1508 3687 1581">
    <p class='ocr_par' dir='ltr' id='par_1_28' title="bbox 2112 1508 3687 1581">
     <span class='ocr_line' id='line_1_28' title="bbox 2112 1508 3687 1581; baseline 0.008 -25"><span class='ocrx_word' id='word_1_186' title='bbox 2112 1512 2414 1557; x_wconf 88' lang='lat' dir='ltr'><strong>sanctorum</strong></span> <span class='ocrx_word' id='word_1_187' title='bbox 2445 1515 2757 1576; x_wconf 82' lang='lat' dir='ltr'><strong>martyrum,</strong></span> <span class='ocrx_word' id='word_1_188' title='bbox 2788 1508 3066 1578; x_wconf 76' lang='lat' dir='ltr'><strong>Rogatiani</strong></span> <span class='ocrx_word' id='word_1_189' title='bbox 3116 1512 3432 1581; x_wconf 85' lang='lat' dir='ltr'><strong>presbyteri,</strong></span> <span class='ocrx_word' id='word_1_190' title='bbox 3465 1524 3513 1568; x_wconf 93' lang='lat' dir='ltr'><strong>et</strong></span> <span class='ocrx_word' id='word_1_191' title='bbox 3547 1515 3687 1569; x_wconf 87' lang='lat' dir='ltr'><strong>Feli-</strong></span> 
     </span>
    </p>
   </div>
   <div class='ocr_carea' id='block_1_29' title="bbox 2112 1593 3687 1665">
    <p class='ocr_par' dir='ltr' id='par_1_29' title="bbox 2112 1593 3687 1665">
     <span class='ocr_line' id='line_1_29' title="bbox 2112 1593 3687 1665; baseline 0.01 -19"><span class='ocrx_word' id='word_1_192' title='bbox 2112 1593 2333 1657; x_wconf 89' lang='lat' dir='ltr'><strong>cissimi,</strong></span> <span class='ocrx_word' id='word_1_193' title='bbox 2378 1594 2464 1664; x_wconf 88' lang='lat' dir='ltr'><strong>qui</strong></span> <span class='ocrx_word' id='word_1_194' title='bbox 2508 1598 2872 1665; x_wconf 88' lang='lat' dir='ltr'><strong>persecutione</strong></span> <span class='ocrx_word' id='word_1_195' title='bbox 2914 1601 3055 1656; x_wconf 90' lang='lat' dir='ltr'><strong>Decii</strong></span> <span class='ocrx_word' id='word_1_196' title='bbox 3101 1610 3154 1656; x_wconf 89' lang='lat' dir='ltr'><strong>et</strong></span> <span class='ocrx_word' id='word_1_197' title='bbox 3206 1602 3468 1658; x_wconf 87' lang='lat' dir='ltr'><strong>Valeriani</strong></span> <span class='ocrx_word' id='word_1_198' title='bbox 3498 1607 3687 1661; x_wconf 71' lang='grc' dir='ltr'><strong>Ηίιιεῑΐὶ</strong></span> 
     </span>
    </p>
   </div>
   <div class='ocr_carea' id='block_1_30' title="bbox 1673 1682 2445 1743">
    <p class='ocr_par' dir='ltr' id='par_1_30' title="bbox 1673 1682 2445 1743">
     <span class='ocr_line' id='line_1_30' title="bbox 1673 1682 2445 1743; baseline 0.01 -8"><span class='ocrx_word' id='word_1_199' title='bbox 1673 1682 1901 1738; x_wconf 82' lang='lat' dir='ltr'><strong>EDITIO</strong></span> <span class='ocrx_word' id='word_1_200' title='bbox 1943 1686 2445 1743; x_wconf 66' lang='lat' dir='ltr'><strong>BOLLANDIANA.</strong></span> 
     </span>
    </p>
   </div>
   <div class='ocr_carea' id='block_1_31' title="bbox 499 1762 3686 1858">
    <p class='ocr_par' dir='ltr' id='par_1_31' title="bbox 499 1762 3686 1858">
     <span class='ocr_line' id='line_1_31' title="bbox 499 1762 3686 1858; baseline 0.008 -41"><span class='ocrx_word' id='word_1_201' title='bbox 499 1762 591 1818; x_wconf 76' lang='lat'><strong>25.</strong></span> <span class='ocrx_word' id='word_1_202' title='bbox 614 1763 805 1820; x_wconf 83' lang='lat' dir='ltr'>—VII|</span> <span class='ocrx_word' id='word_1_203' title='bbox 834 1765 965 1820; x_wconf 76' lang='lat' dir='ltr'><strong>KAL.</strong></span> <span class='ocrx_word' id='word_1_204' title='bbox 991 1766 1301 1823; x_wconf 81' lang='lat' dir='ltr'><strong>Suessiones</strong></span> <span class='ocrx_word' id='word_1_205' title='bbox 1329 1771 1503 1827; x_wconf 88' lang='lat' dir='ltr'><strong>natale</strong></span> <span class='ocrx_word' id='word_1_206' title='bbox 1526 1781 1833 1828; x_wconf 87' lang='lat' dir='ltr'><strong>sanctorum</strong></span> <span class='ocrx_word' id='word_1_207' title='bbox 1858 1792 1999 1829; x_wconf 89' lang='lat' dir='ltr'><strong>mar-</strong></span> <span class='ocrx_word' id='word_1_208' title='bbox 2035 1788 2079 1845; x_wconf 70' lang='grc' dir='ltr'><strong>Β</strong></span> <span class='ocrx_word' id='word_1_209' title='bbox 2109 1794 2241 1847; x_wconf 86' lang='lat' dir='ltr'><strong>quos</strong></span> <span class='ocrx_word' id='word_1_210' title='bbox 2292 1779 2503 1834; x_wconf 76' lang='lat' dir='ltr'><strong>fuerunt</strong></span> <span class='ocrx_word' id='word_1_211' title='bbox 2550 1792 2776 1851; x_wconf 90' lang='lat' dir='ltr'><strong>quatuor</strong></span> <span class='ocrx_word' id='word_1_212' title='bbox 2833 1785 3027 1841; x_wconf 88' lang='lat' dir='ltr'><strong>milites</strong></span> <span class='ocrx_word' id='word_1_213' title='bbox 3074 1786 3265 1841; x_wconf 89' lang='lat' dir='ltr'><strong>Christi</strong></span> <span class='ocrx_word' id='word_1_214' title='bbox 3315 1789 3642 1847; x_wconf 70' lang='lat' dir='ltr'><strong>Theodotiu;</strong></span> <span class='ocrx_word' id='word_1_215' title='bbox 3670 1832 3686 1858; x_wconf 89' lang='lat'><strong>,</strong></span> 
     </span>
    </p>
   </div>
   <div class='ocr_carea' id='block_1_32' title="bbox 431 1854 1303 1925">
    <p class='ocr_par' dir='ltr' id='par_1_32' title="bbox 431 1854 1303 1925">
     <span class='ocr_line' id='line_1_32' title="bbox 431 1854 1303 1925; baseline 0.008 -19"><span class='ocrx_word' id='word_1_216' title='bbox 431 1859 602 1924; x_wconf 83' lang='lat' dir='ltr'><strong>tyrum</strong></span> <span class='ocrx_word' id='word_1_217' title='bbox 628 1854 853 1925; x_wconf 81' lang='lat' dir='ltr'><strong>Crispini</strong></span> <span class='ocrx_word' id='word_1_218' title='bbox 884 1866 936 1910; x_wconf 90' lang='lat' dir='ltr'><strong>et</strong></span> <span class='ocrx_word' id='word_1_219' title='bbox 966 1855 1303 1924; x_wconf 88' lang='lat' dir='ltr'><strong>Crispiniani.</strong></span> 
     </span>
    </p>
   </div>
   <div class='ocr_carea' id='block_1_33' title="bbox 502 1946 2006 2022">
    <p class='ocr_par' dir='ltr' id='par_1_33' title="bbox 502 1946 2006 2022">
     <span class='ocr_line' id='line_1_33' title="bbox 502 1946 2006 2022; baseline 0.007 -23"><span class='ocrx_word' id='word_1_220' title='bbox 502 1946 662 2000; x_wconf 80' lang='lat' dir='ltr'><strong>Addit</strong></span> <span class='ocrx_word' id='word_1_221' title='bbox 694 1946 881 2001; x_wconf 88' lang='lat' dir='ltr'><strong>Florus</strong></span> <span class='ocrx_word' id='word_1_222' title='bbox 930 1948 980 2002; x_wconf 91' lang='lat' dir='ltr'><strong>in</strong></span> <span class='ocrx_word' id='word_1_223' title='bbox 1010 1947 1076 2004; x_wconf 89' lang='lat' dir='ltr'><strong>A.</strong></span> <span class='ocrx_word' id='word_1_224' title='bbox 1101 1949 1163 2003; x_wconf 83' lang='grc' dir='ltr'><strong>Τ.</strong></span> <span class='ocrx_word' id='word_1_225' title='bbox 1199 1951 1260 2003; x_wconf 89' lang='lat' dir='ltr'><strong>L.</strong></span> <span class='ocrx_word' id='word_1_226' title='bbox 1288 1968 1301 2004; x_wconf 86' lang='lat'><strong>:</strong></span> <span class='ocrx_word' id='word_1_227' title='bbox 1332 1952 1476 2018; x_wconf 84' lang='lat' dir='ltr'><strong>Quos</strong></span> <span class='ocrx_word' id='word_1_228' title='bbox 1508 1952 1838 2008; x_wconf 80' lang='lat' dir='ltr'><strong>Rictiovarus</strong></span> <span class='ocrx_word' id='word_1_229' title='bbox 1869 1971 2006 2022; x_wconf 62' lang='lat' dir='ltr'><strong>prae-</strong></span> 
     </span>
    </p>
   </div>
   <div class='ocr_carea' id='block_1_34' title="bbox 433 2037 1998 2115">
    <p class='ocr_par' dir='ltr' id='par_1_34' title="bbox 433 2037 1998 2115">
     <span class='ocr_line' id='line_1_34' title="bbox 433 2037 1998 2115; baseline 0.005 -24"><span class='ocrx_word' id='word_1_230' title='bbox 433 2037 599 2092; x_wconf 81' lang='lat' dir='ltr'><strong>fectus</strong></span> <span class='ocrx_word' id='word_1_231' title='bbox 631 2038 782 2107; x_wconf 91' lang='lat' dir='ltr'><strong>jussu</strong></span> <span class='ocrx_word' id='word_1_232' title='bbox 812 2039 1079 2093; x_wconf 85' lang='lat' dir='ltr'><strong>Maximini</strong></span> <span class='ocrx_word' id='word_1_233' title='bbox 1136 2040 1467 2109; x_wconf 90' lang='lat' dir='ltr'><strong>imperatoris</strong></span> <span class='ocrx_word' id='word_1_234' title='bbox 1515 2045 1998 2115; x_wconf 82' lang='lat' dir='ltr'><strong>compreliendens,</strong></span> 
     </span>
    </p>
   </div>
   <div class='ocr_carea' id='block_1_35' title="bbox 433 2130 2007 2203">
    <p class='ocr_par' dir='ltr' id='par_1_35' title="bbox 433 2130 2007 2203">
     <span class='ocr_line' id='line_1_35' title="bbox 433 2130 2007 2203; baseline 0.005 -21"><span class='ocrx_word' id='word_1_235' title='bbox 433 2147 553 2184; x_wconf 86' lang='lat' dir='ltr'><strong>cum</strong></span> <span class='ocrx_word' id='word_1_236' title='bbox 598 2130 751 2185; x_wconf 85' lang='lat' dir='ltr'><strong>idolis</strong></span> <span class='ocrx_word' id='word_1_237' title='bbox 797 2132 1094 2187; x_wconf 89' lang='lat' dir='ltr'><strong>sacrilicare</strong></span> <span class='ocrx_word' id='word_1_238' title='bbox 1143 2134 1361 2203; x_wconf 85' lang='lat' dir='ltr'><strong>nollent,</strong></span> <span class='ocrx_word' id='word_1_239' title='bbox 1393 2134 1515 2188; x_wconf 78' lang='lat' dir='ltr'><strong>fecit</strong></span> <span class='ocrx_word' id='word_1_240' title='bbox 1550 2150 1579 2189; x_wconf 92' lang='lat' dir='ltr'><strong>a</strong></span> <span class='ocrx_word' id='word_1_241' title='bbox 1610 2135 1860 2190; x_wconf 88' lang='lat' dir='ltr'><strong>trochleis</strong></span> <span class='ocrx_word' id='word_1_242' title='bbox 1909 2152 2007 2192; x_wconf 84' lang='lat' dir='ltr'><strong>cx-</strong></span> 
     </span>
    </p>
   </div>
   <div class='ocr_carea' id='block_1_36' title="bbox 436 2223 2011 2296">
    <p class='ocr_par' dir='ltr' id='par_1_36' title="bbox 436 2223 2011 2296">
     <span class='ocr_line' id='line_1_36' title="bbox 436 2223 2011 2296; baseline 0.003 -20"><span class='ocrx_word' id='word_1_243' title='bbox 436 2224 578 2277; x_wconf 86' lang='lat' dir='ltr'><strong>tendi</strong></span> <span class='ocrx_word' id='word_1_244' title='bbox 606 2233 658 2277; x_wconf 91' lang='lat' dir='ltr'><strong>et</strong></span> <span class='ocrx_word' id='word_1_245' title='bbox 688 2223 914 2278; x_wconf 76' lang='lat' dir='ltr'><strong>fustibus</strong></span> <span class='ocrx_word' id='word_1_246' title='bbox 944 2226 1075 2278; x_wconf 71' lang='lat' dir='ltr'><strong>czedi</strong></span> <span class='ocrx_word' id='word_1_247' title='bbox 1114 2243 1125 2277; x_wconf 89' lang='lat'><strong>:</strong></span> <span class='ocrx_word' id='word_1_248' title='bbox 1159 2224 1348 2281; x_wconf 90' lang='lat' dir='ltr'><strong>deinde</strong></span> <span class='ocrx_word' id='word_1_249' title='bbox 1377 2226 1428 2280; x_wconf 91' lang='lat' dir='ltr'><strong>in</strong></span> <span class='ocrx_word' id='word_1_250' title='bbox 1461 2228 1669 2296; x_wconf 83' lang='lat' dir='ltr'><strong>ungulis</strong></span> <span class='ocrx_word' id='word_1_251' title='bbox 1699 2242 1880 2281; x_wconf 89' lang='lat' dir='ltr'><strong>eorum</strong></span> <span class='ocrx_word' id='word_1_252' title='bbox 1921 2243 2011 2281; x_wconf 91' lang='lat' dir='ltr'><strong>su-</strong></span> 
     </span>
    </p>
   </div>
   <div class='ocr_carea' id='block_1_37' title="bbox 435 2312 2008 2388">
    <p class='ocr_par' dir='ltr' id='par_1_37' title="bbox 435 2312 2008 2388">
     <span class='ocr_line' id='line_1_37' title="bbox 435 2312 2008 2388; baseline 0.003 -21"><span class='ocrx_word' id='word_1_253' title='bbox 435 2316 528 2369; x_wconf 85' lang='lat' dir='ltr'><strong>des</strong></span> <span class='ocrx_word' id='word_1_254' title='bbox 560 2312 693 2379; x_wconf 88' lang='lat' dir='ltr'><strong>mitti</strong></span> <span class='ocrx_word' id='word_1_255' title='bbox 724 2331 738 2369; x_wconf 92' lang='lat'><strong>:</strong></span> <span class='ocrx_word' id='word_1_256' title='bbox 773 2325 826 2370; x_wconf 89' lang='lat' dir='ltr'><strong>et</strong></span> <span class='ocrx_word' id='word_1_257' title='bbox 854 2316 920 2371; x_wconf 89' lang='lat' dir='ltr'><strong>de</strong></span> <span class='ocrx_word' id='word_1_258' title='bbox 949 2316 1108 2371; x_wconf 91' lang='lat' dir='ltr'><strong>dorso</strong></span> <span class='ocrx_word' id='word_1_259' title='bbox 1148 2318 1474 2386; x_wconf 78' lang='lat' dir='ltr'><strong>singulorum</strong></span> <span class='ocrx_word' id='word_1_260' title='bbox 1520 2318 1741 2388; x_wconf 78' lang='lat' dir='ltr'><strong>singulis</strong></span> <span class='ocrx_word' id='word_1_261' title='bbox 1770 2320 2008 2388; x_wconf 80' lang='lat' dir='ltr'><strong>corrigiis</strong></span> 
     </span>
    </p>
   </div>
   <div class='ocr_carea' id='block_1_38' title="bbox 433 2407 2008 2478">
    <p class='ocr_par' dir='ltr' id='par_1_38' title="bbox 433 2407 2008 2478">
     <span class='ocr_line' id='line_1_38' title="bbox 433 2407 2008 2478; baseline 0.004 -20"><span class='ocrx_word' id='word_1_262' title='bbox 433 2407 646 2471; x_wconf 82' lang='lat' dir='ltr'><strong>ablatis,</strong></span> <span class='ocrx_word' id='word_1_263' title='bbox 680 2420 862 2462; x_wconf 86' lang='lat' dir='ltr'><strong>eorum</strong></span> <span class='ocrx_word' id='word_1_264' title='bbox 894 2409 1028 2462; x_wconf 84' lang='lat' dir='ltr'><strong>colla</strong></span> <span class='ocrx_word' id='word_1_265' title='bbox 1076 2410 1230 2463; x_wconf 89' lang='lat' dir='ltr'><strong>molis</strong></span> <span class='ocrx_word' id='word_1_266' title='bbox 1274 2410 1545 2478; x_wconf 72' lang='lat' dir='ltr'><strong>suapensis</strong></span> <span class='ocrx_word' id='word_1_267' title='bbox 1588 2411 1638 2463; x_wconf 91' lang='lat' dir='ltr'><strong>in</strong></span> <span class='ocrx_word' id='word_1_268' title='bbox 1666 2409 1882 2464; x_wconf 86' lang='lat' dir='ltr'><strong>ﬂuvium</strong></span> <span class='ocrx_word' id='word_1_269' title='bbox 1913 2413 2008 2464; x_wconf 90' lang='lat' dir='ltr'><strong>dc-</strong></span> 
     </span>
    </p>
   </div>
   <div class='ocr_carea' id='block_1_39' title="bbox 434 2496 2010 2567">
    <p class='ocr_par' dir='ltr' id='par_1_39' title="bbox 434 2496 2010 2567">
     <span class='ocr_line' id='line_1_39' title="bbox 434 2496 2010 2567; baseline 0.003 -19"><span class='ocrx_word' id='word_1_270' title='bbox 434 2497 644 2565; x_wconf 76' lang='lat' dir='ltr'><strong>mergi:</strong></span> <span class='ocrx_word' id='word_1_271' title='bbox 695 2511 757 2549; x_wconf 91' lang='lat' dir='ltr'><strong>ac</strong></span> <span class='ocrx_word' id='word_1_272' title='bbox 799 2497 1013 2565; x_wconf 87' lang='lat' dir='ltr'><strong>plumbo</strong></span> <span class='ocrx_word' id='word_1_273' title='bbox 1054 2498 1216 2566; x_wconf 80' lang='lat' dir='ltr'><strong>ignito</strong></span> <span class='ocrx_word' id='word_1_274' title='bbox 1256 2506 1309 2552; x_wconf 90' lang='lat' dir='ltr'><strong>et</strong></span> <span class='ocrx_word' id='word_1_275' title='bbox 1354 2499 1470 2567; x_wconf 90' lang='lat' dir='ltr'><strong>pice</strong></span> <span class='ocrx_word' id='word_1_276' title='bbox 1516 2496 1742 2553; x_wconf 81' lang='lat' dir='ltr'><strong>ferventi</strong></span> <span class='ocrx_word' id='word_1_277' title='bbox 1792 2507 1840 2553; x_wconf 92' lang='lat' dir='ltr'><strong>et</strong></span> <span class='ocrx_word' id='word_1_278' title='bbox 1889 2500 2010 2553; x_wconf 92' lang='lat' dir='ltr'><strong>oleo</strong></span> 
     </span>
    </p>
   </div>
   <div class='ocr_carea' id='block_1_40' title="bbox 431 2584 2006 2656">
    <p class='ocr_par' dir='ltr' id='par_1_40' title="bbox 431 2584 2006 2656">
     <span class='ocr_line' id='line_1_40' title="bbox 431 2584 2006 2656; baseline 0.002 -19"><span class='ocrx_word' id='word_1_279' title='bbox 431 2584 802 2639; x_wconf 87' lang='lat' dir='ltr'><strong>concremari.-</strong></span> <span class='ocrx_word' id='word_1_280' title='bbox 828 2585 927 2651; x_wconf 84' lang='lat' dir='ltr'><strong>Qui</strong></span> <span class='ocrx_word' id='word_1_281' title='bbox 977 2586 1028 2638; x_wconf 89' lang='lat' dir='ltr'><strong>iu</strong></span> <span class='ocrx_word' id='word_1_282' title='bbox 1057 2586 1264 2640; x_wconf 90' lang='lat' dir='ltr'><strong>cunctis</strong></span> <span class='ocrx_word' id='word_1_283' title='bbox 1291 2587 1507 2642; x_wconf 81' lang='lat' dir='ltr'><strong>dextera</strong></span> <span class='ocrx_word' id='word_1_284' title='bbox 1535 2587 1729 2642; x_wconf 87' lang='lat' dir='ltr'><strong>Christi</strong></span> <span class='ocrx_word' id='word_1_285' title='bbox 1762 2589 2006 2656; x_wconf 89' lang='lat' dir='ltr'><strong>protecti,</strong></span> 
     </span>
    </p>
   </div>
   <div class='ocr_carea' id='block_1_41' title="bbox 430 2670 2009 2739">
    <p class='ocr_par' dir='ltr' id='par_1_41' title="bbox 430 2670 2009 2739">
     <span class='ocr_line' id='line_1_41' title="bbox 430 2670 2009 2739; baseline 0.003 -16"><span class='ocrx_word' id='word_1_286' title='bbox 430 2681 483 2724; x_wconf 86' lang='lat' dir='ltr'><strong>et</strong></span> <span class='ocrx_word' id='word_1_287' title='bbox 509 2670 810 2727; x_wconf 75' lang='lat' dir='ltr'><strong>Rictiovaro</strong></span> <span class='ocrx_word' id='word_1_288' title='bbox 841 2673 1088 2739; x_wconf 82' lang='lat' dir='ltr'><strong>praelecto</strong></span> <span class='ocrx_word' id='word_1_289' title='bbox 1119 2673 1169 2728; x_wconf 91' lang='lat' dir='ltr'><strong>in</strong></span> <span class='ocrx_word' id='word_1_290' title='bbox 1204 2677 1283 2727; x_wconf 89' lang='lat' dir='ltr'><strong>his</strong></span> <span class='ocrx_word' id='word_1_291' title='bbox 1312 2676 1511 2729; x_wconf 84' lang='lat' dir='ltr'><strong>ultione</strong></span> <span class='ocrx_word' id='word_1_292' title='bbox 1542 2676 1720 2728; x_wconf 86' lang='lat' dir='ltr'><strong>divina</strong></span> <span class='ocrx_word' id='word_1_293' title='bbox 1751 2676 2009 2729; x_wconf 76' lang='lat' dir='ltr'><strong>interem—</strong></span> 
     </span>
    </p>
   </div>
   <div class='ocr_carea' id='block_1_42' title="bbox 431 2765 2009 2836">
    <p class='ocr_par' dir='ltr' id='par_1_42' title="bbox 431 2765 2009 2836">
     <span class='ocr_line' id='line_1_42' title="bbox 431 2765 2009 2836; baseline 0.002 -20"><span class='ocrx_word' id='word_1_294' title='bbox 431 2775 539 2832; x_wconf 91' lang='lat' dir='ltr'><strong>pto,</strong></span> <span class='ocrx_word' id='word_1_295' title='bbox 571 2765 909 2833; x_wconf 67' lang='lat' dir='ltr'><strong>prmcipiente</strong></span> <span class='ocrx_word' id='word_1_296' title='bbox 940 2765 1260 2819; x_wconf 83' lang='lat' dir='ltr'><strong>Maximiano</strong></span> <span class='ocrx_word' id='word_1_297' title='bbox 1308 2765 1626 2834; x_wconf 86' lang='lat' dir='ltr'><strong>imperatore</strong></span> <span class='ocrx_word' id='word_1_298' title='bbox 1664 2766 1838 2836; x_wconf 83' lang='lat' dir='ltr'><strong>gladio</strong></span> <span class='ocrx_word' id='word_1_299' title='bbox 1886 2774 2009 2819; x_wconf 91' lang='lat' dir='ltr'><strong>sunt</strong></span> 
     </span>
    </p>
   </div>
   <div class='ocr_carea' id='block_1_43' title="bbox 430 2858 2006 2928">
    <p class='ocr_par' dir='ltr' id='par_1_43' title="bbox 430 2858 2006 2928">
     <span class='ocr_line' id='line_1_43' title="bbox 430 2858 2006 2928; baseline 0 -17"><span class='ocrx_word' id='word_1_300' title='bbox 430 2858 697 2913; x_wconf 87' lang='lat' dir='ltr'><strong>trucidati.</strong></span> <span class='ocrx_word' id='word_1_301' title='bbox 726 2860 958 2926; x_wconf 84' lang='lat' dir='ltr'><strong>Quorum</strong></span> <span class='ocrx_word' id='word_1_302' title='bbox 1002 2875 1225 2928; x_wconf 91' lang='lat' dir='ltr'><strong>corpora</strong></span> <span class='ocrx_word' id='word_1_303' title='bbox 1275 2862 1463 2928; x_wconf 81' lang='lat' dir='ltr'><strong>angelo</strong></span> <span class='ocrx_word' id='word_1_304' title='bbox 1504 2868 1754 2913; x_wconf 89' lang='lat' dir='ltr'><strong>monente</strong></span> <span class='ocrx_word' id='word_1_305' title='bbox 1793 2859 2006 2928; x_wconf 82' lang='lat' dir='ltr'><strong>quidam</strong></span> 
     </span>
    </p>
   </div>
   <div class='ocr_carea' id='block_1_44' title="bbox 430 2949 2007 3006">
    <p class='ocr_par' dir='ltr' id='par_1_44' title="bbox 430 2949 2007 3006">
     <span class='ocr_line' id='line_1_44' title="bbox 430 2949 2007 3006; baseline 0 -3"><span class='ocrx_word' id='word_1_306' title='bbox 430 2964 594 3003; x_wconf 74' lang='lat' dir='ltr'><strong>senex</strong></span> <span class='ocrx_word' id='word_1_307' title='bbox 628 2960 783 3006; x_wconf 87' lang='lat' dir='ltr'><strong>nocte</strong></span> <span class='ocrx_word' id='word_1_308' title='bbox 832 2952 881 3004; x_wconf 91' lang='lat' dir='ltr'><strong>in</strong></span> <span class='ocrx_word' id='word_1_309' title='bbox 915 2951 1151 3004; x_wconf 87' lang='lat' dir='ltr'><strong>navicula</strong></span> <span class='ocrx_word' id='word_1_310' title='bbox 1183 2962 1366 3005; x_wconf 83' lang='lat' dir='ltr'><strong>eontra</strong></span> <span class='ocrx_word' id='word_1_311' title='bbox 1394 2950 1583 3003; x_wconf 86' lang='lat' dir='ltr'><strong>undam</strong></span> <span class='ocrx_word' id='word_1_312' title='bbox 1621 2950 1849 3003; x_wconf 86' lang='lat' dir='ltr'><strong>lluminis</strong></span> <span class='ocrx_word' id='word_1_313' title='bbox 1879 2949 2007 3003; x_wconf 84' lang='lat' dir='ltr'><strong>levi-</strong></span> 
     </span>
    </p>
   </div>
   <div class='ocr_carea' id='block_1_45' title="bbox 431 3040 1211 3109">
    <p class='ocr_par' dir='ltr' id='par_1_45' title="bbox 431 3040 1211 3109">
     <span class='ocr_line' id='line_1_45' title="bbox 431 3040 1211 3109; baseline -0.004 -15"><span class='ocrx_word' id='word_1_314' title='bbox 431 3051 511 3094; x_wconf 86' lang='lat' dir='ltr'><strong>ter</strong></span> <span class='ocrx_word' id='word_1_315' title='bbox 540 3040 760 3107; x_wconf 85' lang='lat' dir='ltr'><strong>vehens,</strong></span> <span class='ocrx_word' id='word_1_316' title='bbox 789 3042 923 3095; x_wconf 89' lang='lat' dir='ltr'><strong>clam</strong></span> <span class='ocrx_word' id='word_1_317' title='bbox 952 3040 1211 3109; x_wconf 85' lang='lat' dir='ltr'><strong>sepelivit.</strong></span> 
     </span>
    </p>
   </div>
   <div class='ocr_carea' id='block_1_46' title="bbox 502 3099 2178 3222">
    <p class='ocr_par' dir='ltr' id='par_1_46' title="bbox 502 3099 2178 3222">
     <span class='ocr_line' id='line_1_46' title="bbox 502 3099 2178 3222; baseline -0.002 -37"><span class='ocrx_word' id='word_1_318' title='bbox 502 3132 617 3200; x_wconf 88' lang='lat' dir='ltr'><strong>Ipso</strong></span> <span class='ocrx_word' id='word_1_319' title='bbox 648 3099 957 3203; x_wconf 36' lang='lat' dir='ltr'><strong>die&#39;Romte</strong></span> <span class='ocrx_word' id='word_1_320' title='bbox 977 3099 1062 3185; x_wconf 81' lang='lat' dir='ltr'><strong>via</strong></span> <span class='ocrx_word' id='word_1_321' title='bbox 1092 3132 1293 3188; x_wconf 88' lang='lat' dir='ltr'><strong>Salaria</strong></span> <span class='ocrx_word' id='word_1_322' title='bbox 1330 3133 1501 3186; x_wconf 81' lang='lat' dir='ltr'><strong>natale</strong></span> <span class='ocrx_word' id='word_1_323' title='bbox 1530 3131 1874 3200; x_wconf 80' lang='lat' dir='ltr'><strong>quadraginta</strong></span> <span class='ocrx_word' id='word_1_324' title='bbox 1903 3145 1999 3183; x_wconf 82' lang='lat' dir='ltr'><strong>sex</strong></span> <span class='ocrx_word' id='word_1_325' title='bbox 2032 3149 2075 3210; x_wconf 68' lang='grc' dir='ltr'>ρ</span> 
     </span>
    </p>
   </div>
   <div class='ocr_carea' id='block_1_47' title="bbox 429 3218 2002 3291">
    <p class='ocr_par' dir='ltr' id='par_1_47' title="bbox 429 3218 2002 3291">
     <span class='ocr_line' id='line_1_47' title="bbox 429 3218 2002 3291; baseline 0.001 -19"><span class='ocrx_word' id='word_1_326' title='bbox 429 3221 678 3288; x_wconf 74' lang='lat' dir='ltr'><strong>militum,</strong></span> <span class='ocrx_word' id='word_1_327' title='bbox 706 3221 793 3289; x_wconf 86' lang='lat' dir='ltr'><strong>qui</strong></span> <span class='ocrx_word' id='word_1_328' title='bbox 824 3219 980 3275; x_wconf 87' lang='lat' dir='ltr'><strong>simul</strong></span> <span class='ocrx_word' id='word_1_329' title='bbox 1004 3218 1249 3291; x_wconf 86' lang='lat' dir='ltr'><strong>baptizati</strong></span> <span class='ocrx_word' id='word_1_330' title='bbox 1283 3238 1311 3274; x_wconf 91' lang='lat' dir='ltr'><strong>a</strong></span> <span class='ocrx_word' id='word_1_331' title='bbox 1337 3219 1589 3291; x_wconf 90' lang='lat' dir='ltr'><strong>Dionysio</strong></span> <span class='ocrx_word' id='word_1_332' title='bbox 1618 3237 1771 3288; x_wconf 88' lang='lat' dir='ltr'><strong>papa,</strong></span> <span class='ocrx_word' id='word_1_333' title='bbox 1800 3229 1853 3274; x_wconf 91' lang='lat' dir='ltr'><strong>et</strong></span> <span class='ocrx_word' id='word_1_334' title='bbox 1879 3234 2002 3273; x_wconf 84' lang='lat' dir='ltr'><strong>mox</strong></span> 
     </span>
    </p>
   </div>
   <div class='ocr_carea' id='block_1_48' title="bbox 428 3310 2005 3383">
    <p class='ocr_par' dir='ltr' id='par_1_48' title="bbox 428 3310 2005 3383">
     <span class='ocr_line' id='line_1_48' title="bbox 428 3310 2005 3383; baseline -0.001 -18"><span class='ocrx_word' id='word_1_335' title='bbox 428 3314 641 3381; x_wconf 55' lang='lat' dir='ltr'><strong>iubente</strong></span> <span class='ocrx_word' id='word_1_336' title='bbox 664 3315 691 3344; x_wconf 78' lang='grc'><strong>⁸</strong></span> <span class='ocrx_word' id='word_1_337' title='bbox 710 3310 928 3368; x_wconf 86' lang='lat' dir='ltr'><strong>Claudio</strong></span> <span class='ocrx_word' id='word_1_338' title='bbox 957 3314 1275 3383; x_wconf 87' lang='lat' dir='ltr'><strong>imperatore</strong></span> <span class='ocrx_word' id='word_1_339' title='bbox 1304 3314 1547 3367; x_wconf 78' lang='lat' dir='ltr'><strong>decollati</strong></span> <span class='ocrx_word' id='word_1_340' title='bbox 1578 3321 1718 3366; x_wconf 92' lang='lat' dir='ltr'><strong>sunt.</strong></span> <span class='ocrx_word' id='word_1_341' title='bbox 1751 3311 1851 3366; x_wconf 90' lang='lat' dir='ltr'><strong>Ubi</strong></span> <span class='ocrx_word' id='word_1_342' title='bbox 1880 3322 2005 3366; x_wconf 90' lang='lat' dir='ltr'><strong>sunt</strong></span> 
     </span>
    </p>
   </div>
   <div class='ocr_carea' id='block_1_49' title="bbox 427 3404 2002 3476">
    <p class='ocr_par' dir='ltr' id='par_1_49' title="bbox 427 3404 2002 3476">
     <span class='ocr_line' id='line_1_49' title="bbox 427 3404 2002 3476; baseline 0 -19"><span class='ocrx_word' id='word_1_343' title='bbox 427 3404 581 3472; x_wconf 82' lang='lat' dir='ltr'><strong>positi</strong></span> <span class='ocrx_word' id='word_1_344' title='bbox 629 3414 683 3459; x_wconf 88' lang='lat' dir='ltr'><strong>et</strong></span> <span class='ocrx_word' id='word_1_345' title='bbox 711 3404 801 3459; x_wconf 88' lang='lat' dir='ltr'><strong>alii</strong></span> <span class='ocrx_word' id='word_1_346' title='bbox 846 3415 1107 3476; x_wconf 87' lang='lat' dir='ltr'><strong>martyres</strong></span> <span class='ocrx_word' id='word_1_347' title='bbox 1152 3415 1364 3460; x_wconf 88' lang='lat' dir='ltr'><strong>centum</strong></span> <span class='ocrx_word' id='word_1_348' title='bbox 1418 3404 1599 3473; x_wconf 75' lang='lat' dir='ltr'><strong>viginti</strong></span> <span class='ocrx_word' id='word_1_349' title='bbox 1652 3414 1831 3457; x_wconf 91' lang='lat' dir='ltr'><strong>unus:</strong></span> <span class='ocrx_word' id='word_1_350' title='bbox 1864 3404 2002 3457; x_wconf 90' lang='lat' dir='ltr'><strong>inter</strong></span> 
     </span>
    </p>
   </div>
   <div class='ocr_carea' id='block_1_50' title="bbox 2119 1865 3687 1943">
    <p class='ocr_par' dir='ltr' id='par_1_50' title="bbox 2119 1865 3687 1943">
     <span class='ocr_line' id='line_1_50' title="bbox 2119 1865 3687 1943; baseline 0.011 -23"><span class='ocrx_word' id='word_1_351' title='bbox 2119 1865 2331 1934; x_wconf 85' lang='lat' dir='ltr'><strong>Lucius,</strong></span> <span class='ocrx_word' id='word_1_352' title='bbox 2367 1869 2601 1936; x_wconf 90' lang='lat' dir='ltr'><strong>Marcus,</strong></span> <span class='ocrx_word' id='word_1_353' title='bbox 2651 1880 2705 1927; x_wconf 91' lang='lat' dir='ltr'><strong>et</strong></span> <span class='ocrx_word' id='word_1_354' title='bbox 2752 1873 2958 1930; x_wconf 80' lang='lat' dir='ltr'><strong>l’ctrus.</strong></span> <span class='ocrx_word' id='word_1_355' title='bbox 3008 1876 3273 1943; x_wconf 87' lang='lat' dir='ltr'><strong>Scriptum</strong></span> <span class='ocrx_word' id='word_1_356' title='bbox 3329 1879 3380 1932; x_wconf 89' lang='lat' dir='ltr'><strong>in</strong></span> <span class='ocrx_word' id='word_1_357' title='bbox 3431 1879 3687 1937; x_wconf 82' lang='lat' dir='ltr'><strong>Passiono</strong></span> 
     </span>
    </p>
   </div>
   <div class='ocr_carea' id='block_1_51' title="bbox 2109 1960 2350 2016">
    <p class='ocr_par' dir='ltr' id='par_1_51' title="bbox 2109 1960 2350 2016">
     <span class='ocr_line' id='line_1_51' title="bbox 2109 1960 2350 2016; baseline 0 -1"><span class='ocrx_word' id='word_1_358' title='bbox 2109 1960 2169 2016; x_wconf 61' lang='lat' dir='ltr'><strong>&#39;S.</strong></span> <span class='ocrx_word' id='word_1_359' title='bbox 2194 1962 2350 2015; x_wconf 75' lang='lat' dir='ltr'><strong>Xisti.</strong></span> 
     </span>
    </p>
   </div>
   <div class='ocr_carea' id='block_1_52' title="bbox 2184 2052 3686 2125">
    <p class='ocr_par' dir='ltr' id='par_1_52' title="bbox 2184 2052 3686 2125">
     <span class='ocr_line' id='line_1_52' title="bbox 2184 2052 3686 2125; baseline 0.007 -20"><span class='ocrx_word' id='word_1_360' title='bbox 2184 2053 2249 2106; x_wconf 89' lang='lat' dir='ltr'><strong>A.</strong></span> <span class='ocrx_word' id='word_1_361' title='bbox 2284 2052 2600 2125; x_wconf 13' lang='lat' dir='ltr'><strong>T.,7Eodem</strong></span> <span class='ocrx_word' id='word_1_362' title='bbox 2637 2056 2720 2107; x_wconf 88' lang='lat' dir='ltr'><strong>die</strong></span> <span class='ocrx_word' id='word_1_363' title='bbox 2760 2056 2811 2109; x_wconf 91' lang='lat' dir='ltr'><strong>in</strong></span> <span class='ocrx_word' id='word_1_364' title='bbox 2842 2072 2975 2125; x_wconf 81' lang='lat' dir='ltr'><strong>pago</strong></span> <span class='ocrx_word' id='word_1_365' title='bbox 3003 2057 3441 2113; x_wconf 81' lang='lat' dir='ltr'><strong>Viromanduensi</strong></span> <span class='ocrx_word' id='word_1_366' title='bbox 3470 2062 3686 2115; x_wconf 75' lang='lat' dir='ltr'><strong>dedica-</strong></span> 
     </span>
    </p>
   </div>
   <div class='ocr_carea' id='block_1_53' title="bbox 2114 2122 3685 2199">
    <p class='ocr_par' dir='ltr' id='par_1_53' title="bbox 2114 2122 3685 2199">
     <span class='ocr_line' id='line_1_53' title="bbox 2114 2122 3685 2199; baseline 0.008 -24"><span class='ocrx_word' id='word_1_367' title='bbox 2114 2123 2188 2199; x_wconf 74' lang='lat' dir='ltr'><strong>tio</strong></span> <span class='ocrx_word' id='word_1_368' title='bbox 2211 2122 2526 2199; x_wconf 38' lang='lat' dir='ltr'><strong>ecclesierS.</strong></span> <span class='ocrx_word' id='word_1_369' title='bbox 2548 2129 2583 2199; x_wconf 0' lang='lat' dir='ltr'><strong>by</strong></span> <span class='ocrx_word' id='word_1_370' title='bbox 2600 2125 2831 2199; x_wconf 72' lang='lat' dir='ltr'><strong>Quintini</strong></span> <span class='ocrx_word' id='word_1_371' title='bbox 2847 2122 3210 2199; x_wconf 18' lang='lat' dir='ltr'><strong>ret—translatio</strong></span> <span class='ocrx_word' id='word_1_372' title='bbox 3235 2130 3470 2196; x_wconf 86' lang='lat' dir='ltr'><strong>corporis</strong></span> <span class='ocrx_word' id='word_1_373' title='bbox 3502 2133 3685 2199; x_wconf 73' lang='lat' dir='ltr'><strong>ip~ius.</strong></span> 
     </span>
    </p>
   </div>
   <div class='ocr_carea' id='block_1_54' title="bbox 2111 2193 3686 2265">
    <p class='ocr_par' dir='ltr' id='par_1_54' title="bbox 2111 2193 3686 2265">
     <span class='ocr_line' id='line_1_54' title="bbox 2111 2193 3686 2265; baseline 0.008 -22"><span class='ocrx_word' id='word_1_374' title='bbox 2111 2193 2196 2265; x_wconf 59' lang='grc' dir='ltr'><strong>(λ,</strong></span> <span class='ocrx_word' id='word_1_375' title='bbox 2230 2194 2409 2245; x_wconf 64' lang='lat' dir='ltr'><strong>Romae</strong></span> <span class='ocrx_word' id='word_1_376' title='bbox 2440 2194 2535 2248; x_wconf 88' lang='lat' dir='ltr'><strong>SS.</strong></span> <span class='ocrx_word' id='word_1_377' title='bbox 2570 2198 2589 2225; x_wconf 73' lang='grc' dir='ltr'><strong><em>ε</em></strong></span> <span class='ocrx_word' id='word_1_378' title='bbox 2620 2197 2934 2265; x_wconf 84' lang='lat' dir='ltr'><strong>Chrysanthi</strong></span> <span class='ocrx_word' id='word_1_379' title='bbox 2966 2211 3018 2250; x_wconf 89' lang='lat' dir='ltr'><strong>et</strong></span> <span class='ocrx_word' id='word_1_380' title='bbox 3044 2199 3233 2254; x_wconf 67' lang='lat' dir='ltr'><strong>Duriae.</strong></span> <span class='ocrx_word' id='word_1_381' title='bbox 3269 2193 3354 2261; x_wconf 52' lang='grc' dir='ltr'><strong>Β..</strong></span> <span class='ocrx_word' id='word_1_382' title='bbox 3392 2193 3686 2255; x_wconf 79' lang='lat' dir='ltr'><strong>Translatio</strong></span> 
     </span>
    </p>
   </div>
   <div class='ocr_carea' id='block_1_55' title="bbox 2112 2263 3685 2334">
    <p class='ocr_par' dir='ltr' id='par_1_55' title="bbox 2112 2263 3685 2334">
     <span class='ocr_line' id='line_1_55' title="bbox 2112 2263 3685 2334; baseline 0.005 -17"><span class='ocrx_word' id='word_1_383' title='bbox 2112 2263 2617 2334; x_wconf 51' lang='lat' dir='ltr'><strong>SJBartholomaei</strong></span> <span class='ocrx_word' id='word_1_384' title='bbox 2668 2263 2743 2321; x_wconf 75' lang='lat' dir='ltr'><strong>de</strong></span> <span class='ocrx_word' id='word_1_385' title='bbox 2783 2268 2949 2319; x_wconf 88' lang='lat' dir='ltr'><strong>insula</strong></span> <span class='ocrx_word' id='word_1_386' title='bbox 3001 2267 3210 2334; x_wconf 83' lang='lat' dir='ltr'><strong>Lippari</strong></span> <span class='ocrx_word' id='word_1_387' title='bbox 3259 2271 3308 2322; x_wconf 94' lang='lat' dir='ltr'><strong>in</strong></span> <span class='ocrx_word' id='word_1_388' title='bbox 3362 2271 3685 2325; x_wconf 85' lang='lat' dir='ltr'><strong>Benevento.</strong></span> 
     </span>
    </p>
   </div>
   <div class='ocr_carea' id='block_1_56' title="bbox 2112 2332 3687 2395">
    <p class='ocr_par' dir='ltr' id='par_1_56' title="bbox 2112 2332 3687 2395">
     <span class='ocr_line' id='line_1_56' title="bbox 2112 2332 3687 2395; baseline 0.006 -9"><span class='ocrx_word' id='word_1_389' title='bbox 2112 2332 2312 2386; x_wconf 89' lang='lat' dir='ltr'><strong>Eodem</strong></span> <span class='ocrx_word' id='word_1_390' title='bbox 2341 2334 2424 2387; x_wconf 88' lang='lat' dir='ltr'><strong>die</strong></span> <span class='ocrx_word' id='word_1_391' title='bbox 2447 2335 2676 2388; x_wconf 84' lang='lat' dir='ltr'><strong>Grisanti</strong></span> <span class='ocrx_word' id='word_1_392' title='bbox 2725 2344 2776 2388; x_wconf 92' lang='lat' dir='ltr'><strong>et</strong></span> <span class='ocrx_word' id='word_1_393' title='bbox 2822 2338 3009 2389; x_wconf 64' lang='lat' dir='ltr'><strong>Duriae.</strong></span> <span class='ocrx_word' id='word_1_394' title='bbox 3060 2332 3112 2388; x_wconf 85' lang='lat' dir='ltr'><strong>In</strong></span> <span class='ocrx_word' id='word_1_395' title='bbox 3146 2337 3290 2391; x_wconf 86' lang='lat' dir='ltr'><strong>Italia</strong></span> <span class='ocrx_word' id='word_1_396' title='bbox 3324 2340 3537 2394; x_wconf 88' lang='lat' dir='ltr'><strong>civitate</strong></span> <span class='ocrx_word' id='word_1_397' title='bbox 3567 2342 3687 2395; x_wconf 69' lang='lat' dir='ltr'><strong>Flu-</strong></span> 
     </span>
    </p>
   </div>
   <div class='ocr_carea' id='block_1_57' title="bbox 2113 2404 3684 2477">
    <p class='ocr_par' dir='ltr' id='par_1_57' title="bbox 2113 2404 3684 2477">
     <span class='ocr_line' id='line_1_57' title="bbox 2113 2404 3684 2477; baseline 0.007 -25"><span class='ocrx_word' id='word_1_398' title='bbox 2113 2404 2279 2477; x_wconf 58' lang='lat' dir='ltr'><strong>[rntia</strong></span> <span class='ocrx_word' id='word_1_399' title='bbox 2330 2406 2506 2477; x_wconf 78' lang='lat' dir='ltr'><strong>passio</strong></span> <span class='ocrx_word' id='word_1_400' title='bbox 2539 2405 2595 2458; x_wconf 85' lang='lat' dir='ltr'><strong>S.</strong></span> <span class='ocrx_word' id='word_1_401' title='bbox 2624 2414 2647 2439; x_wconf 74' lang='grc'><strong><em>⁴³</em></strong></span> <span class='ocrx_word' id='word_1_402' title='bbox 2682 2406 2880 2458; x_wconf 82' lang='lat' dir='ltr'><strong>Miniati</strong></span> <span class='ocrx_word' id='word_1_403' title='bbox 2910 2410 3156 2474; x_wconf 82' lang='lat' dir='ltr'><strong>martyris</strong></span> <span class='ocrx_word' id='word_1_404' title='bbox 3194 2424 3312 2461; x_wconf 82' lang='lat' dir='ltr'><strong>cum</strong></span> <span class='ocrx_word' id='word_1_405' title='bbox 3363 2412 3521 2464; x_wconf 83' lang='lat' dir='ltr'><strong>Sociis</strong></span> <span class='ocrx_word' id='word_1_406' title='bbox 3552 2415 3684 2477; x_wconf 75' lang='lat' dir='ltr'><strong>sttis,</strong></span> 
     </span>
    </p>
   </div>
   <div class='ocr_carea' id='block_1_58' title="bbox 2114 2472 3398 2541">
    <p class='ocr_par' dir='ltr' id='par_1_58' title="bbox 2114 2472 3398 2541">
     <span class='ocr_line' id='line_1_58' title="bbox 2114 2472 3398 2541; baseline 0.007 -17"><span class='ocrx_word' id='word_1_407' title='bbox 2114 2472 2311 2525; x_wconf 85' lang='lat' dir='ltr'><strong>Eodem</strong></span> <span class='ocrx_word' id='word_1_408' title='bbox 2342 2474 2426 2526; x_wconf 92' lang='lat' dir='ltr'><strong>die</strong></span> <span class='ocrx_word' id='word_1_409' title='bbox 2458 2478 2631 2541; x_wconf 84' lang='lat' dir='ltr'><strong>passio</strong></span> <span class='ocrx_word' id='word_1_410' title='bbox 2661 2476 2756 2529; x_wconf 83' lang='lat' dir='ltr'><strong>SS.</strong></span> <span class='ocrx_word' id='word_1_411' title='bbox 2787 2477 3001 2529; x_wconf 87' lang='lat' dir='ltr'><strong>Luciani</strong></span> <span class='ocrx_word' id='word_1_412' title='bbox 3042 2472 3095 2532; x_wconf 89' lang='lat' dir='ltr'><strong>et</strong></span> <span class='ocrx_word' id='word_1_413' title='bbox 3124 2478 3398 2533; x_wconf 85' lang='lat' dir='ltr'><strong>Marciani.</strong></span> 
     </span>
    </p>
   </div>
   <div class='ocr_carea' id='block_1_59' title="bbox 2179 2548 3050 2621">
    <p class='ocr_par' dir='ltr' id='par_1_59' title="bbox 2179 2548 3050 2621">
     <span class='ocr_line' id='line_1_59' title="bbox 2179 2548 3050 2621; baseline 0.005 -4"><span class='ocrx_word' id='word_1_414' title='bbox 2179 2563 2267 2617; x_wconf 64' lang='lat'><strong>26.</strong></span> <span class='ocrx_word' id='word_1_415' title='bbox 2291 2593 2360 2603; x_wconf 97' lang='lat'><strong>—</strong></span> <span class='ocrx_word' id='word_1_416' title='bbox 2390 2563 2471 2617; x_wconf 71' lang='lat' dir='ltr'><strong>\&quot;ll</strong></span> <span class='ocrx_word' id='word_1_417' title='bbox 2512 2563 2646 2619; x_wconf 71' lang='grc' dir='ltr'>ΚΑΙ..</span> <span class='ocrx_word' id='word_1_418' title='bbox 2680 2565 2843 2619; x_wconf 84' lang='lat' dir='ltr'><strong>Vacat</strong></span> <span class='ocrx_word' id='word_1_419' title='bbox 2874 2548 3050 2621; x_wconf 74' lang='lat' dir='ltr'><strong>lizeda.</strong></span> 
     </span>
    </p>
   </div>
   <div class='ocr_carea' id='block_1_60' title="bbox 2183 2650 3687 2714">
    <p class='ocr_par' dir='ltr' id='par_1_60' title="bbox 2183 2650 3687 2714">
     <span class='ocr_line' id='line_1_60' title="bbox 2183 2650 3687 2714; baseline 0.007 -11"><span class='ocrx_word' id='word_1_420' title='bbox 2183 2650 2371 2704; x_wconf 85' lang='lat' dir='ltr'><strong>Florus</strong></span> <span class='ocrx_word' id='word_1_421' title='bbox 2411 2653 2460 2705; x_wconf 91' lang='lat' dir='ltr'><strong>in</strong></span> <span class='ocrx_word' id='word_1_422' title='bbox 2492 2652 2555 2706; x_wconf 88' lang='lat' dir='ltr'><strong>A.</strong></span> <span class='ocrx_word' id='word_1_423' title='bbox 2582 2654 2643 2706; x_wconf 86' lang='grc' dir='ltr'>Τ.</span> <span class='ocrx_word' id='word_1_424' title='bbox 2675 2656 2735 2706; x_wconf 83' lang='lat' dir='ltr'><strong>L.</strong></span> <span class='ocrx_word' id='word_1_425' title='bbox 2768 2672 2780 2705; x_wconf 90' lang='lat'><strong>:</strong></span> <span class='ocrx_word' id='word_1_426' title='bbox 2808 2654 3127 2708; x_wconf 76' lang='lat' dir='ltr'><strong>Nicouwdire</strong></span> <span class='ocrx_word' id='word_1_427' title='bbox 3168 2656 3356 2710; x_wconf 86' lang='lat' dir='ltr'><strong>natalis</strong></span> <span class='ocrx_word' id='word_1_428' title='bbox 3384 2669 3687 2714; x_wconf 88' lang='lat' dir='ltr'><strong>sanctorum</strong></span> 
     </span>
    </p>
   </div>
   <div class='ocr_carea' id='block_1_61' title="bbox 2112 2742 3689 2814">
    <p class='ocr_par' dir='ltr' id='par_1_61' title="bbox 2112 2742 3689 2814">
     <span class='ocr_line' id='line_1_61' title="bbox 2112 2742 3689 2814; baseline 0.006 -20"><span class='ocrx_word' id='word_1_429' title='bbox 2112 2752 2405 2812; x_wconf 85' lang='lat' dir='ltr'><strong>martyrum</strong></span> <span class='ocrx_word' id='word_1_430' title='bbox 2458 2742 2723 2812; x_wconf 87' lang='lat' dir='ltr'><strong>Martiani,</strong></span> <span class='ocrx_word' id='word_1_431' title='bbox 2752 2744 2895 2797; x_wconf 88' lang='lat' dir='ltr'><strong>Flori</strong></span> <span class='ocrx_word' id='word_1_432' title='bbox 2945 2757 2993 2798; x_wconf 90' lang='lat' dir='ltr'><strong>et</strong></span> <span class='ocrx_word' id='word_1_433' title='bbox 3026 2745 3237 2798; x_wconf 86' lang='lat' dir='ltr'><strong>Luciaui</strong></span> <span class='ocrx_word' id='word_1_434' title='bbox 3274 2763 3284 2797; x_wconf 90' lang='lat'><strong>:</strong></span> <span class='ocrx_word' id='word_1_435' title='bbox 3315 2748 3402 2813; x_wconf 92' lang='lat' dir='ltr'><strong>qui</strong></span> <span class='ocrx_word' id='word_1_436' title='bbox 3455 2756 3689 2814; x_wconf 87' lang='lat' dir='ltr'><strong>tempore</strong></span> 
     </span>
    </p>
   </div>
   <div class='ocr_carea' id='block_1_62' title="bbox 2112 2833 3688 2907">
    <p class='ocr_par' dir='ltr' id='par_1_62' title="bbox 2112 2833 3688 2907">
     <span class='ocr_line' id='line_1_62' title="bbox 2112 2833 3688 2907; baseline 0.004 -21"><span class='ocrx_word' id='word_1_437' title='bbox 2112 2833 2254 2887; x_wconf 86' lang='lat' dir='ltr'><strong>Decii</strong></span> <span class='ocrx_word' id='word_1_438' title='bbox 2305 2834 2636 2902; x_wconf 88' lang='lat' dir='ltr'><strong>imperatoris</strong></span> <span class='ocrx_word' id='word_1_439' title='bbox 2685 2835 2791 2901; x_wconf 82' lang='lat' dir='ltr'><strong>igni</strong></span> <span class='ocrx_word' id='word_1_440' title='bbox 2845 2835 3022 2889; x_wconf 87' lang='lat' dir='ltr'><strong>traditi</strong></span> <span class='ocrx_word' id='word_1_441' title='bbox 3050 2845 3173 2889; x_wconf 89' lang='lat' dir='ltr'><strong>sunt</strong></span> <span class='ocrx_word' id='word_1_442' title='bbox 3214 2836 3313 2890; x_wconf 91' lang='lat' dir='ltr'><strong>sub</strong></span> <span class='ocrx_word' id='word_1_443' title='bbox 3339 2834 3537 2891; x_wconf 87' lang='lat' dir='ltr'><strong>Sabino</strong></span> <span class='ocrx_word' id='word_1_444' title='bbox 3568 2852 3688 2907; x_wconf 89' lang='lat' dir='ltr'><strong>pro-</strong></span> 
     </span>
    </p>
   </div>
   <div class='ocr_carea' id='block_1_63' title="bbox 2111 2922 2347 2975">
    <p class='ocr_par' dir='ltr' id='par_1_63' title="bbox 2111 2922 2347 2975">
     <span class='ocr_line' id='line_1_63' title="bbox 2111 2922 2347 2975; baseline -0.004 0"><span class='ocrx_word' id='word_1_445' title='bbox 2111 2922 2347 2975; x_wconf 86' lang='lat' dir='ltr'><strong>consule.</strong></span> 
     </span>
    </p>
   </div>
   <div class='ocr_carea' id='block_1_64' title="bbox 2184 3030 3684 3099">
    <p class='ocr_par' dir='ltr' id='par_1_64' title="bbox 2184 3030 3684 3099">
     <span class='ocr_line' id='line_1_64' title="bbox 2184 3030 3684 3099; baseline 0.006 -17"><span class='ocrx_word' id='word_1_446' title='bbox 2184 3030 2241 3082; x_wconf 81' lang='grc' dir='ltr'>Β.</span> <span class='ocrx_word' id='word_1_447' title='bbox 2270 3030 2444 3094; x_wconf 89' lang='lat' dir='ltr'><strong>\&#39;.C.,</strong></span> <span class='ocrx_word' id='word_1_448' title='bbox 2497 3030 2550 3085; x_wconf 95' lang='lat' dir='ltr'><strong>In</strong></span> <span class='ocrx_word' id='word_1_449' title='bbox 2601 3030 2904 3086; x_wconf 84' lang='lat' dir='ltr'><strong>Nicomedia</strong></span> <span class='ocrx_word' id='word_1_450' title='bbox 2953 3032 3191 3099; x_wconf 87' lang='lat' dir='ltr'><strong>Luciani,</strong></span> <span class='ocrx_word' id='word_1_451' title='bbox 3225 3033 3494 3095; x_wconf 85' lang='lat' dir='ltr'><strong>Marciani,</strong></span> <span class='ocrx_word' id='word_1_452' title='bbox 3541 3036 3684 3091; x_wconf 86' lang='lat' dir='ltr'><strong>Flori</strong></span> 
     </span>
    </p>
   </div>
   <div class='ocr_carea' id='block_1_65' title="bbox 2188 3099 3682 3173">
    <p class='ocr_par' dir='ltr' id='par_1_65' title="bbox 2188 3099 3682 3173">
     <span class='ocr_line' id='line_1_65' title="bbox 2188 3099 3682 3173; baseline 0.005 -20"><span class='ocrx_word' id='word_1_453' title='bbox 2188 3140 2201 3153; x_wconf 95' lang='lat'><strong>.</strong></span> <span class='ocrx_word' id='word_1_454' title='bbox 2232 3099 2446 3173; x_wconf 70' lang='lat' dir='ltr'><strong>Florae],</strong></span> <span class='ocrx_word' id='word_1_455' title='bbox 2478 3100 2665 3155; x_wconf 86' lang='lat' dir='ltr'><strong>Eraclii</strong></span> <span class='ocrx_word' id='word_1_456' title='bbox 2714 3100 2795 3173; x_wconf 60' lang='grc' dir='ltr'>[β.</span> <span class='ocrx_word' id='word_1_457' title='bbox 2826 3102 3049 3172; x_wconf 82' lang='lat' dir='ltr'><strong>Erodii].</strong></span> <span class='ocrx_word' id='word_1_458' title='bbox 3103 3104 3184 3170; x_wconf 75' lang='lat'><strong>8.,</strong></span> <span class='ocrx_word' id='word_1_459' title='bbox 3239 3103 3400 3166; x_wconf 89' lang='lat' dir='ltr'><strong>Tutti,</strong></span> <span class='ocrx_word' id='word_1_460' title='bbox 3455 3105 3682 3161; x_wconf 86' lang='lat' dir='ltr'><strong>Florini.</strong></span> 
     </span>
    </p>
   </div>
   <div class='ocr_carea' id='block_1_66' title="bbox 2201 3171 3679 3239">
    <p class='ocr_par' dir='ltr' id='par_1_66' title="bbox 2201 3171 3679 3239">
     <span class='ocr_line' id='line_1_66' title="bbox 2201 3171 3679 3239; baseline 0.003 -16"><span class='ocrx_word' id='word_1_461' title='bbox 2201 3177 2218 3214; x_wconf 81' lang='lat' dir='ltr'><strong>f</strong></span> <span class='ocrx_word' id='word_1_462' title='bbox 2249 3171 2463 3223; x_wconf 85' lang='lat' dir='ltr'><strong>Alehela</strong></span> <span class='ocrx_word' id='word_1_463' title='bbox 2496 3171 3020 3239; x_wconf 14' lang='lat' dir='ltr'><strong>civitatevVincentii,</strong></span> <span class='ocrx_word' id='word_1_464' title='bbox 3048 3174 3248 3237; x_wconf 88' lang='lat' dir='ltr'><strong>Sabini,</strong></span> <span class='ocrx_word' id='word_1_465' title='bbox 3283 3186 3336 3228; x_wconf 93' lang='lat' dir='ltr'><strong>ct</strong></span> <span class='ocrx_word' id='word_1_466' title='bbox 3364 3173 3679 3230; x_wconf 88' lang='lat' dir='ltr'><strong>Christetes.</strong></span> 
     </span>
    </p>
   </div>
   <div class='ocr_carea' id='block_1_67' title="bbox 2108 3239 3688 3305">
    <p class='ocr_par' dir='ltr' id='par_1_67' title="bbox 2108 3239 3688 3305">
     <span class='ocr_line' id='line_1_67' title="bbox 2108 3239 3688 3305; baseline 0.004 -12"><span class='ocrx_word' id='word_1_467' title='bbox 2108 3240 2260 3294; x_wconf 86' lang='lat' dir='ltr'><strong>A.T.</strong></span> <span class='ocrx_word' id='word_1_468' title='bbox 2292 3239 2375 3305; x_wconf 89' lang='lat' dir='ltr'><strong>L.,</strong></span> <span class='ocrx_word' id='word_1_469' title='bbox 2410 3240 2604 3295; x_wconf 78' lang='lat' dir='ltr'><strong>Eodem</strong></span> <span class='ocrx_word' id='word_1_470' title='bbox 2654 3243 2738 3296; x_wconf 88' lang='lat' dir='ltr'><strong>die</strong></span> <span class='ocrx_word' id='word_1_471' title='bbox 2790 3244 2990 3295; x_wconf 77' lang='lat' dir='ltr'><strong>Elnone</strong></span> <span class='ocrx_word' id='word_1_472' title='bbox 3042 3247 3361 3298; x_wconf 87' lang='lat' dir='ltr'><strong>monasterio</strong></span> <span class='ocrx_word' id='word_1_473' title='bbox 3413 3244 3688 3300; x_wconf 86' lang='lat' dir='ltr'><strong>translatio</strong></span> 
     </span>
    </p>
   </div>
   <div class='ocr_carea' id='block_1_68' title="bbox 2110 3311 3685 3383">
    <p class='ocr_par' dir='ltr' id='par_1_68' title="bbox 2110 3311 3685 3383">
     <span class='ocr_line' id='line_1_68' title="bbox 2110 3311 3685 3383; baseline 0.005 -22"><span class='ocrx_word' id='word_1_474' title='bbox 2110 3311 2349 3383; x_wconf 60' lang='lat' dir='ltr'><strong>corporis</strong></span> <span class='ocrx_word' id='word_1_475' title='bbox 2389 3311 2447 3365; x_wconf 88' lang='lat' dir='ltr'><strong>S.</strong></span> <span class='ocrx_word' id='word_1_476' title='bbox 2475 3313 2696 3365; x_wconf 77' lang='lat' dir='ltr'><strong>Amandi</strong></span> <span class='ocrx_word' id='word_1_477' title='bbox 2728 3322 2780 3365; x_wconf 89' lang='lat' dir='ltr'><strong>ct</strong></span> <span class='ocrx_word' id='word_1_478' title='bbox 2808 3312 3068 3383; x_wconf 73' lang='lat' dir='ltr'><strong>dedicatio</strong></span> <span class='ocrx_word' id='word_1_479' title='bbox 3115 3315 3355 3369; x_wconf 73' lang='lat' dir='ltr'><strong>ecclesia:</strong></span> <span class='ocrx_word' id='word_1_480' title='bbox 3405 3315 3568 3383; x_wconf 81' lang='lat' dir='ltr'><strong>ipsius</strong></span> <span class='ocrx_word' id='word_1_481' title='bbox 3601 3316 3685 3381; x_wconf 87' lang='grc' dir='ltr'><strong>Β.,</strong></span> 
     </span>
    </p>
   </div>
   <div class='ocr_carea' id='block_1_69' title="bbox 2114 3380 3222 3452">
    <p class='ocr_par' dir='ltr' id='par_1_69' title="bbox 2114 3380 3222 3452">
     <span class='ocr_line' id='line_1_69' title="bbox 2114 3380 3222 3452; baseline 0.005 -20"><span class='ocrx_word' id='word_1_482' title='bbox 2114 3380 2180 3433; x_wconf 84' lang='lat' dir='ltr'><strong>Et</strong></span> <span class='ocrx_word' id='word_1_483' title='bbox 2211 3390 2235 3427; x_wconf 81' lang='grc' dir='ltr'><strong>ις</strong></span> <span class='ocrx_word' id='word_1_484' title='bbox 2273 3382 2496 3437; x_wconf 83' lang='lat' dir='ltr'><strong>Amandi</strong></span> <span class='ocrx_word' id='word_1_485' title='bbox 2526 3382 2759 3452; x_wconf 88' lang='lat' dir='ltr'><strong>episcopi</strong></span> <span class='ocrx_word' id='word_1_486' title='bbox 2800 3391 2853 3436; x_wconf 91' lang='lat' dir='ltr'><strong>et</strong></span> <span class='ocrx_word' id='word_1_487' title='bbox 2881 3380 3222 3438; x_wconf 83' lang='lat' dir='ltr'><strong>confessoris.</strong></span> 
     </span>
    </p>
   </div>
   <div class='ocr_carea' id='block_1_70' title="bbox 1812 3490 2285 3551">
    <p class='ocr_par' dir='ltr' id='par_1_70' title="bbox 1812 3490 2285 3551">
     <span class='ocr_line' id='line_1_70' title="bbox 1812 3490 2285 3551; baseline 0.006 -3"><span class='ocrx_word' id='word_1_488' title='bbox 1812 3494 2020 3548; x_wconf 84' lang='lat' dir='ltr'><strong>SMlTll</strong></span> <span class='ocrx_word' id='word_1_489' title='bbox 2059 3490 2285 3551; x_wconf 68' lang='lat' dir='ltr'><strong>NOTIE.</strong></span> 
     </span>
    </p>
   </div>
   <div class='ocr_carea' id='block_1_71' title="bbox 498 3582 2004 3655">
    <p class='ocr_par' dir='ltr' id='par_1_71' title="bbox 498 3582 2004 3655">
     <span class='ocr_line' id='line_1_71' title="bbox 498 3582 2004 3655; baseline 0.001 -16"><span class='ocrx_word' id='word_1_490' title='bbox 498 3593 524 3620; x_wconf 70' lang='grc'>⁸</span> <span class='ocrx_word' id='word_1_491' title='bbox 557 3582 794 3639; x_wconf 81' lang='lat' dir='ltr'><strong>Claudio.</strong></span> <span class='ocrx_word' id='word_1_492' title='bbox 844 3586 1097 3640; x_wconf 85' lang='lat' dir='ltr'><strong>Baronius</strong></span> <span class='ocrx_word' id='word_1_493' title='bbox 1135 3586 1413 3641; x_wconf 87' lang='lat' dir='ltr'><strong>Claudium</strong></span> <span class='ocrx_word' id='word_1_494' title='bbox 1462 3588 1840 3655; x_wconf 88' lang='lat' dir='ltr'><strong>imperatorem</strong></span> <span class='ocrx_word' id='word_1_495' title='bbox 1884 3587 2004 3641; x_wconf 85' lang='lat' dir='ltr'><strong>edi-</strong></span> 
     </span>
    </p>
   </div>
   <div class='ocr_carea' id='block_1_72' title="bbox 423 3656 2004 3726">
    <p class='ocr_par' dir='ltr' id='par_1_72' title="bbox 423 3656 2004 3726">
     <span class='ocr_line' id='line_1_72' title="bbox 423 3656 2004 3726; baseline 0.003 -20"><span class='ocrx_word' id='word_1_496' title='bbox 423 3666 566 3707; x_wconf 79' lang='lat' dir='ltr'><strong>ctum</strong></span> <span class='ocrx_word' id='word_1_497' title='bbox 606 3658 861 3710; x_wconf 90' lang='lat' dir='ltr'><strong>adversus</strong></span> <span class='ocrx_word' id='word_1_498' title='bbox 887 3656 1220 3710; x_wconf 73' lang='lat' dir='ltr'><strong>Christianos</strong></span> <span class='ocrx_word' id='word_1_499' title='bbox 1250 3659 1616 3726; x_wconf 84' lang='lat' dir='ltr'><strong>promulgasse</strong></span> <span class='ocrx_word' id='word_1_500' title='bbox 1664 3658 1870 3720; x_wconf 82' lang='lat' dir='ltr'><strong>scribit,</strong></span> <span class='ocrx_word' id='word_1_501' title='bbox 1902 3658 2004 3711; x_wconf 88' lang='lat' dir='ltr'><strong>du-</strong></span> 
     </span>
    </p>
   </div>
   <div class='ocr_carea' id='block_1_73' title="bbox 429 3726 2006 3785">
    <p class='ocr_par' dir='ltr' id='par_1_73' title="bbox 429 3726 2006 3785">
     <span class='ocr_line' id='line_1_73' title="bbox 429 3726 2006 3785; baseline 0.005 -11"><span class='ocrx_word' id='word_1_502' title='bbox 429 3726 546 3785; x_wconf 75' lang='lat' dir='ltr'><strong>plici</strong></span> <span class='ocrx_word' id='word_1_503' title='bbox 579 3726 789 3779; x_wconf 87' lang='lat' dir='ltr'><strong>innixus</strong></span> <span class='ocrx_word' id='word_1_504' title='bbox 825 3728 1189 3780; x_wconf 72' lang='lat' dir='ltr'><strong>fundamento.</strong></span> <span class='ocrx_word' id='word_1_505' title='bbox 1232 3727 1464 3779; x_wconf 89' lang='lat' dir='ltr'><strong>Primum</strong></span> <span class='ocrx_word' id='word_1_506' title='bbox 1498 3727 1741 3781; x_wconf 83' lang='lat' dir='ltr'><strong>consistit</strong></span> <span class='ocrx_word' id='word_1_507' title='bbox 1778 3730 1828 3780; x_wconf 90' lang='lat' dir='ltr'><strong>in</strong></span> <span class='ocrx_word' id='word_1_508' title='bbox 1858 3730 2006 3782; x_wconf 83' lang='lat' dir='ltr'><strong>Actis</strong></span> 
     </span>
    </p>
   </div>
   <div class='ocr_carea' id='block_1_74' title="bbox 427 3797 2002 3867">
    <p class='ocr_par' dir='ltr' id='par_1_74' title="bbox 427 3797 2002 3867">
     <span class='ocr_line' id='line_1_74' title="bbox 427 3797 2002 3867; baseline 0.002 -21"><span class='ocrx_word' id='word_1_509' title='bbox 427 3804 727 3867; x_wconf 82' lang='lat' dir='ltr'><strong>sanctorum</strong></span> <span class='ocrx_word' id='word_1_510' title='bbox 762 3808 1052 3867; x_wconf 76' lang='lat' dir='ltr'><strong>martyrum</strong></span> <span class='ocrx_word' id='word_1_511' title='bbox 1085 3798 1230 3849; x_wconf 79' lang='lat' dir='ltr'><strong>Marii</strong></span> <span class='ocrx_word' id='word_1_512' title='bbox 1264 3808 1315 3849; x_wconf 89' lang='lat' dir='ltr'><strong>et</strong></span> <span class='ocrx_word' id='word_1_513' title='bbox 1349 3797 1565 3851; x_wconf 63' lang='lat' dir='ltr'><strong>Marthae</strong></span> <span class='ocrx_word' id='word_1_514' title='bbox 1594 3798 1711 3863; x_wconf 89' lang='lat' dir='ltr'><strong>ejus</strong></span> <span class='ocrx_word' id='word_1_515' title='bbox 1742 3798 2002 3867; x_wconf 80' lang='lat' dir='ltr'><strong>conjugis,</strong></span> 
     </span>
    </p>
   </div>
   <div class='ocr_carea' id='block_1_75' title="bbox 427 3865 2005 3935">
    <p class='ocr_par' dir='ltr' id='par_1_75' title="bbox 427 3865 2005 3935">
     <span class='ocr_line' id='line_1_75' title="bbox 427 3865 2005 3935; baseline 0.004 -20"><span class='ocrx_word' id='word_1_516' title='bbox 427 3875 480 3916; x_wconf 85' lang='lat' dir='ltr'><strong>ct</strong></span> <span class='ocrx_word' id='word_1_517' title='bbox 525 3865 749 3917; x_wconf 88' lang='lat' dir='ltr'><strong>liliorum</strong></span> <span class='ocrx_word' id='word_1_518' title='bbox 782 3866 1052 3919; x_wconf 82' lang='lat' dir='ltr'><strong>Audilacis</strong></span> <span class='ocrx_word' id='word_1_519' title='bbox 1101 3878 1151 3918; x_wconf 92' lang='lat' dir='ltr'><strong>et</strong></span> <span class='ocrx_word' id='word_1_520' title='bbox 1186 3867 1496 3930; x_wconf 85' lang='lat' dir='ltr'><strong>Abachum;</strong></span> <span class='ocrx_word' id='word_1_521' title='bbox 1542 3883 1660 3935; x_wconf 69' lang='lat' dir='ltr'><strong>quae</strong></span> <span class='ocrx_word' id='word_1_522' title='bbox 1708 3865 2005 3935; x_wconf 18' lang='lat' dir='ltr'><strong>integraiex</strong></span> 
     </span>
    </p>
   </div>
   <div class='ocr_carea' id='block_1_76' title="bbox 428 3935 2004 3994">
    <p class='ocr_par' dir='ltr' id='par_1_76' title="bbox 428 3935 2004 3994">
     <span class='ocr_line' id='line_1_76' title="bbox 428 3935 2004 3994; baseline 0.007 -11"><span class='ocrx_word' id='word_1_523' title='bbox 428 3935 587 3986; x_wconf 88' lang='lat' dir='ltr'><strong>variis</strong></span> <span class='ocrx_word' id='word_1_524' title='bbox 632 3950 761 3988; x_wconf 90' lang='lat' dir='ltr'><strong>mss.</strong></span> <span class='ocrx_word' id='word_1_525' title='bbox 812 3937 999 3990; x_wconf 82' lang='lat' dir='ltr'><strong>recitat</strong></span> <span class='ocrx_word' id='word_1_526' title='bbox 1031 3935 1313 3990; x_wconf 88' lang='lat' dir='ltr'><strong>Bollandus</strong></span> <span class='ocrx_word' id='word_1_527' title='bbox 1368 3937 1455 3991; x_wconf 90' lang='lat' dir='ltr'><strong>die</strong></span> <span class='ocrx_word' id='word_1_528' title='bbox 1505 3952 1593 3990; x_wconf 70' lang='grc' dir='ltr'>χιχ</span> <span class='ocrx_word' id='word_1_529' title='bbox 1620 3936 1876 3992; x_wconf 82' lang='lat' dir='ltr'><strong>Januarii.</strong></span> <span class='ocrx_word' id='word_1_530' title='bbox 1909 3940 2004 3994; x_wconf 90' lang='lat' dir='ltr'><strong>Se-</strong></span> 
     </span>
    </p>
   </div>
   <div class='ocr_carea' id='block_1_77' title="bbox 425 4004 2004 4063">
    <p class='ocr_par' dir='ltr' id='par_1_77' title="bbox 425 4004 2004 4063">
     <span class='ocr_line' id='line_1_77' title="bbox 425 4004 2004 4063; baseline 0.006 -10"><span class='ocrx_word' id='word_1_531' title='bbox 425 4004 657 4057; x_wconf 73' lang='lat' dir='ltr'><strong>cundum</strong></span> <span class='ocrx_word' id='word_1_532' title='bbox 702 4007 1001 4060; x_wconf 85' lang='lat' dir='ltr'><strong>desumitur</strong></span> <span class='ocrx_word' id='word_1_533' title='bbox 1029 4021 1093 4060; x_wconf 81' lang='lat' dir='ltr'><strong>ex</strong></span> <span class='ocrx_word' id='word_1_534' title='bbox 1127 4009 1271 4060; x_wconf 85' lang='lat' dir='ltr'><strong>Actis</strong></span> <span class='ocrx_word' id='word_1_535' title='bbox 1321 4006 1381 4063; x_wconf 93' lang='lat' dir='ltr'><strong>S.</strong></span> <span class='ocrx_word' id='word_1_536' title='bbox 1410 4007 1676 4061; x_wconf 85' lang='lat' dir='ltr'><strong>Laurentii</strong></span> <span class='ocrx_word' id='word_1_537' title='bbox 1706 4008 1790 4062; x_wconf 90' lang='lat' dir='ltr'><strong>die</strong></span> <span class='ocrx_word' id='word_1_538' title='bbox 1831 4024 1860 4061; x_wconf 87' lang='lat' dir='ltr'><strong>x</strong></span> <span class='ocrx_word' id='word_1_539' title='bbox 1894 4009 2004 4062; x_wconf 89' lang='lat' dir='ltr'><strong>Au-</strong></span> 
     </span>
    </p>
   </div>
   <div class='ocr_carea' id='block_1_78' title="bbox 427 4074 2005 4145">
    <p class='ocr_par' dir='ltr' id='par_1_78' title="bbox 427 4074 2005 4145">
     <span class='ocr_line' id='line_1_78' title="bbox 427 4074 2005 4145; baseline 0.005 -21"><span class='ocrx_word' id='word_1_540' title='bbox 427 4074 562 4138; x_wconf 74' lang='lat' dir='ltr'><strong>gusti</strong></span> <span class='ocrx_word' id='word_1_541' title='bbox 612 4089 639 4127; x_wconf 92' lang='lat' dir='ltr'><strong>a</strong></span> <span class='ocrx_word' id='word_1_542' title='bbox 669 4074 825 4129; x_wconf 92' lang='lat' dir='ltr'><strong>Surio</strong></span> <span class='ocrx_word' id='word_1_543' title='bbox 875 4077 1132 4139; x_wconf 85' lang='lat' dir='ltr'><strong>recitatis,</strong></span> <span class='ocrx_word' id='word_1_544' title='bbox 1168 4077 1473 4145; x_wconf 15' lang='lat' dir='ltr'><strong>iniquorum</strong></span> <span class='ocrx_word' id='word_1_545' title='bbox 1525 4079 1628 4130; x_wconf 90' lang='lat' dir='ltr'><strong>line</strong></span> <span class='ocrx_word' id='word_1_546' title='bbox 1679 4089 2005 4132; x_wconf 89' lang='lat' dir='ltr'><strong>memoratur</strong></span> 
     </span>
    </p>
   </div>
   <div class='ocr_carea' id='block_1_79' title="bbox 430 4144 2002 4216">
    <p class='ocr_par' dir='ltr' id='par_1_79' title="bbox 430 4144 2002 4216">
     <span class='ocr_line' id='line_1_79' title="bbox 430 4144 2002 4216; baseline 0.005 -23"><span class='ocrx_word' id='word_1_547' title='bbox 430 4145 738 4216; x_wconf 81' lang='lat' dir='ltr'><strong>martyrium</strong></span> <span class='ocrx_word' id='word_1_548' title='bbox 761 4144 819 4216; x_wconf 65' lang='grc' dir='ltr'>δ.</span> <span class='ocrx_word' id='word_1_549' title='bbox 846 4145 1203 4216; x_wconf 14' lang='grc' dir='ltr'><strong>Οῐτὶηίθίίὶιίιιι</strong></span> <span class='ocrx_word' id='word_1_550' title='bbox 1225 4144 1284 4200; x_wconf 83' lang='lat' dir='ltr'><strong>S.</strong></span> <span class='ocrx_word' id='word_1_551' title='bbox 1311 4147 1614 4214; x_wconf 77' lang='lat' dir='ltr'><strong>Triplionize</strong></span> <span class='ocrx_word' id='word_1_552' title='bbox 1639 4149 1820 4201; x_wconf 82' lang='lat' dir='ltr'><strong>uxoris</strong></span> <span class='ocrx_word' id='word_1_553' title='bbox 1837 4164 2002 4216; x_wconf 84' lang='lat' dir='ltr'><strong>quon-</strong></span> 
     </span>
    </p>
   </div>
   <div class='ocr_carea' id='block_1_80' title="bbox 426 4214 2002 4286">
    <p class='ocr_par' dir='ltr' id='par_1_80' title="bbox 426 4214 2002 4286">
     <span class='ocr_line' id='line_1_80' title="bbox 426 4214 2002 4286; baseline 0.006 -24"><span class='ocrx_word' id='word_1_554' title='bbox 426 4216 547 4286; x_wconf 84' lang='lat' dir='ltr'><strong>dam</strong></span> <span class='ocrx_word' id='word_1_555' title='bbox 583 4214 720 4286; x_wconf 80' lang='lat' dir='ltr'><strong>Decii</strong></span> <span class='ocrx_word' id='word_1_556' title='bbox 750 4214 998 4286; x_wconf 78' lang='lat' dir='ltr'><strong>Czesaris.</strong></span> <span class='ocrx_word' id='word_1_557' title='bbox 1032 4215 1225 4269; x_wconf 78' lang='lat' dir='ltr'><strong>Verum</strong></span> <span class='ocrx_word' id='word_1_558' title='bbox 1260 4216 1437 4271; x_wconf 86' lang='lat' dir='ltr'><strong>nullus</strong></span> <span class='ocrx_word' id='word_1_559' title='bbox 1462 4232 1527 4270; x_wconf 86' lang='lat' dir='ltr'><strong>ex</strong></span> <span class='ocrx_word' id='word_1_560' title='bbox 1557 4216 1790 4286; x_wconf 87' lang='lat' dir='ltr'><strong>antiquis</strong></span> <span class='ocrx_word' id='word_1_561' title='bbox 1822 4214 2002 4286; x_wconf 84' lang='lat' dir='ltr'><strong>perse-</strong></span> 
     </span>
    </p>
   </div>
   <div class='ocr_carea' id='block_1_81' title="bbox 428 4282 2003 4351">
    <p class='ocr_par' dir='ltr' id='par_1_81' title="bbox 428 4282 2003 4351">
     <span class='ocr_line' id='line_1_81' title="bbox 428 4282 2003 4351; baseline 0.006 -18"><span class='ocrx_word' id='word_1_562' title='bbox 428 4282 656 4335; x_wconf 82' lang='lat' dir='ltr'><strong>cutionis</strong></span> <span class='ocrx_word' id='word_1_563' title='bbox 677 4300 703 4335; x_wconf 91' lang='lat' dir='ltr'><strong>a</strong></span> <span class='ocrx_word' id='word_1_564' title='bbox 733 4285 950 4339; x_wconf 84' lang='lat' dir='ltr'><strong>Claudio</strong></span> <span class='ocrx_word' id='word_1_565' title='bbox 980 4296 1134 4339; x_wconf 79' lang='lat' dir='ltr'><strong>moue</strong></span> <span class='ocrx_word' id='word_1_566' title='bbox 1159 4289 1432 4351; x_wconf 90' lang='lat' dir='ltr'><strong>meminit;</strong></span> <span class='ocrx_word' id='word_1_567' title='bbox 1460 4298 1513 4339; x_wconf 82' lang='lat' dir='ltr'><strong>et</strong></span> <span class='ocrx_word' id='word_1_568' title='bbox 1538 4288 1664 4340; x_wconf 86' lang='lat' dir='ltr'><strong>Acta</strong></span> <span class='ocrx_word' id='word_1_569' title='bbox 1684 4282 1741 4343; x_wconf 85' lang='lat' dir='ltr'><strong>S.</strong></span> <span class='ocrx_word' id='word_1_570' title='bbox 1767 4282 2003 4342; x_wconf 81' lang='lat' dir='ltr'><strong>Lauren-</strong></span> 
     </span>
    </p>
   </div>
   <div class='ocr_carea' id='block_1_82' title="bbox 428 4353 2004 4425">
    <p class='ocr_par' dir='ltr' id='par_1_82' title="bbox 428 4353 2004 4425">
     <span class='ocr_line' id='line_1_82' title="bbox 428 4353 2004 4425; baseline 0.006 -23"><span class='ocrx_word' id='word_1_571' title='bbox 428 4354 484 4404; x_wconf 89' lang='lat' dir='ltr'><strong>tii</strong></span> <span class='ocrx_word' id='word_1_572' title='bbox 533 4367 562 4425; x_wconf 88' lang='lat' dir='ltr'><strong>a</strong></span> <span class='ocrx_word' id='word_1_573' title='bbox 594 4353 749 4407; x_wconf 90' lang='lat' dir='ltr'><strong>Surio</strong></span> <span class='ocrx_word' id='word_1_574' title='bbox 810 4356 1051 4419; x_wconf 86' lang='lat' dir='ltr'><strong>recitata,</strong></span> <span class='ocrx_word' id='word_1_575' title='bbox 1100 4357 1255 4425; x_wconf 88' lang='lat' dir='ltr'><strong>plane</strong></span> <span class='ocrx_word' id='word_1_576' title='bbox 1284 4368 1407 4410; x_wconf 91' lang='lat' dir='ltr'><strong>sunt</strong></span> <span class='ocrx_word' id='word_1_577' title='bbox 1452 4357 1745 4412; x_wconf 85' lang='lat' dir='ltr'><strong>adulterina</strong></span> <span class='ocrx_word' id='word_1_578' title='bbox 1775 4369 1827 4413; x_wconf 91' lang='lat' dir='ltr'><strong>et</strong></span> <span class='ocrx_word' id='word_1_579' title='bbox 1874 4374 2004 4425; x_wconf 86' lang='lat' dir='ltr'><strong>sup-</strong></span> 
     </span>
    </p>
   </div>
   <div class='ocr_carea' id='block_1_83' title="bbox 432 4424 1997 4488">
    <p class='ocr_par' dir='ltr' id='par_1_83' title="bbox 432 4424 1997 4488">
     <span class='ocr_line' id='line_1_83' title="bbox 432 4424 1997 4488; baseline 0.008 -19"><span class='ocrx_word' id='word_1_580' title='bbox 432 4424 698 4488; x_wconf 83' lang='lat' dir='ltr'><strong>posititia:</strong></span> <span class='ocrx_word' id='word_1_581' title='bbox 744 4436 843 4479; x_wconf 91' lang='lat' dir='ltr'><strong>nec</strong></span> <span class='ocrx_word' id='word_1_582' title='bbox 892 4426 1066 4478; x_wconf 88' lang='lat' dir='ltr'><strong>minus</strong></span> <span class='ocrx_word' id='word_1_583' title='bbox 1114 4426 1411 4480; x_wconf 88' lang='lat' dir='ltr'><strong>adulterina</strong></span> <span class='ocrx_word' id='word_1_584' title='bbox 1457 4429 1696 4481; x_wconf 89' lang='lat' dir='ltr'><strong>videntur</strong></span> <span class='ocrx_word' id='word_1_585' title='bbox 1724 4430 1851 4483; x_wconf 87' lang='lat' dir='ltr'><strong>Acta</strong></span> <span class='ocrx_word' id='word_1_586' title='bbox 1900 4424 1997 4485; x_wconf 89' lang='lat' dir='ltr'><strong>SS.</strong></span> 
     </span>
    </p>
   </div>
   <div class='ocr_carea' id='block_1_84' title="bbox 430 4492 1212 4555">
    <p class='ocr_par' dir='ltr' id='par_1_84' title="bbox 430 4492 1212 4555">
     <span class='ocr_line' id='line_1_84' title="bbox 430 4492 1212 4555; baseline 0.006 -13"><span class='ocrx_word' id='word_1_587' title='bbox 430 4492 599 4555; x_wconf 84' lang='lat' dir='ltr'><strong>Marii,</strong></span> <span class='ocrx_word' id='word_1_588' title='bbox 630 4494 848 4548; x_wconf 77' lang='lat' dir='ltr'><strong>Martha:</strong></span> <span class='ocrx_word' id='word_1_589' title='bbox 874 4510 935 4548; x_wconf 90' lang='lat' dir='ltr'><strong>ac</strong></span> <span class='ocrx_word' id='word_1_590' title='bbox 964 4496 1212 4549; x_wconf 74' lang='lat' dir='ltr'><strong>filiorum.</strong></span> 
     </span>
    </p>
   </div>
   <div class='ocr_carea' id='block_1_85' title="bbox 500 4561 1999 4625">
    <p class='ocr_par' dir='ltr' id='par_1_85' title="bbox 500 4561 1999 4625">
     <span class='ocr_line' id='line_1_85' title="bbox 500 4561 1999 4625; baseline 0.007 -12"><span class='ocrx_word' id='word_1_591' title='bbox 500 4561 527 4599; x_wconf 66' lang='grc' dir='ltr'><strong>ι)</strong></span> <span class='ocrx_word' id='word_1_592' title='bbox 561 4564 812 4625; x_wconf 75' lang='grc' dir='ltr'><strong>ρηὶιιιὶιιί.</strong></span> <span class='ocrx_word' id='word_1_593' title='bbox 840 4564 912 4618; x_wconf 92' lang='lat' dir='ltr'><strong>De</strong></span> <span class='ocrx_word' id='word_1_594' title='bbox 938 4566 1140 4619; x_wconf 86' lang='lat' dir='ltr'><strong>duabus</strong></span> <span class='ocrx_word' id='word_1_595' title='bbox 1157 4566 1272 4620; x_wconf 85' lang='lat' dir='ltr'><strong>aliis</strong></span> <span class='ocrx_word' id='word_1_596' title='bbox 1299 4568 1732 4623; x_wconf 84' lang='lat' dir='ltr'><strong>translationibus</strong></span> <span class='ocrx_word' id='word_1_597' title='bbox 1759 4567 1886 4624; x_wconf 87' lang='lat' dir='ltr'><strong>Vide</strong></span> <span class='ocrx_word' id='word_1_598' title='bbox 1911 4585 1999 4624; x_wconf 88' lang='lat' dir='ltr'><strong>vnt</strong></span> 
     </span>
    </p>
   </div>
   <div class='ocr_carea' id='block_1_86' title="bbox 427 4626 1363 4699">
    <p class='ocr_par' dir='ltr' id='par_1_86' title="bbox 427 4626 1363 4699">
     <span class='ocr_line' id='line_1_86' title="bbox 427 4626 1363 4699; baseline 0.009 -17"><span class='ocrx_word' id='word_1_599' title='bbox 427 4626 545 4686; x_wconf 75' lang='lat' dir='ltr'><strong>Kal.</strong></span> <span class='ocrx_word' id='word_1_600' title='bbox 576 4633 761 4699; x_wconf 79' lang='lat' dir='ltr'><strong>Julius,</strong></span> <span class='ocrx_word' id='word_1_601' title='bbox 786 4644 841 4688; x_wconf 91' lang='lat' dir='ltr'><strong>et</strong></span> <span class='ocrx_word' id='word_1_602' title='bbox 863 4650 922 4688; x_wconf 79' lang='lat' dir='ltr'><strong>ut</strong></span> <span class='ocrx_word' id='word_1_603' title='bbox 944 4636 1077 4688; x_wconf 82' lang='lat' dir='ltr'><strong>Non.</strong></span> <span class='ocrx_word' id='word_1_604' title='bbox 1105 4637 1363 4691; x_wconf 88' lang='lat' dir='ltr'><strong>Januarii.</strong></span> 
     </span>
    </p>
   </div>
   <div class='ocr_carea' id='block_1_87' title="bbox 503 4703 1997 4777">
    <p class='ocr_par' dir='ltr' id='par_1_87' title="bbox 503 4703 1997 4777">
     <span class='ocr_line' id='line_1_87' title="bbox 503 4703 1997 4777; baseline 0.005 -24"><span class='ocrx_word' id='word_1_605' title='bbox 503 4713 525 4740; x_wconf 79' lang='grc' dir='ltr'><strong>ο</strong></span> <span class='ocrx_word' id='word_1_606' title='bbox 559 4703 888 4777; x_wconf 73' lang='lat' dir='ltr'><strong>Cltrysanlltt&#39;.</strong></span> <span class='ocrx_word' id='word_1_607' title='bbox 919 4706 1091 4777; x_wconf 73' lang='lat' dir='ltr'><strong>Geniti</strong></span> <span class='ocrx_word' id='word_1_608' title='bbox 1120 4722 1183 4760; x_wconf 80' lang='lat' dir='ltr'><strong>ex</strong></span> <span class='ocrx_word' id='word_1_609' title='bbox 1214 4710 1325 4762; x_wconf 89' lang='lat' dir='ltr'><strong>viro</strong></span> <span class='ocrx_word' id='word_1_610' title='bbox 1355 4709 1581 4776; x_wconf 85' lang='lat' dir='ltr'><strong>quodam</strong></span> <span class='ocrx_word' id='word_1_611' title='bbox 1614 4709 1997 4777; x_wconf 76' lang='lat' dir='ltr'><strong>Alexandrino,</strong></span> 
     </span>
    </p>
   </div>
   <div class='ocr_carea' id='block_1_88' title="bbox 431 4774 1997 4844">
    <p class='ocr_par' dir='ltr' id='par_1_88' title="bbox 431 4774 1997 4844">
     <span class='ocr_line' id='line_1_88' title="bbox 431 4774 1997 4844; baseline 0.006 -19"><span class='ocrx_word' id='word_1_612' title='bbox 431 4774 641 4844; x_wconf 84' lang='lat' dir='ltr'><strong>nomine</strong></span> <span class='ocrx_word' id='word_1_613' title='bbox 673 4775 925 4841; x_wconf 77' lang='lat' dir='ltr'><strong>Polemio,</strong></span> <span class='ocrx_word' id='word_1_614' title='bbox 945 4776 1029 4844; x_wconf 85' lang='lat' dir='ltr'><strong>qui</strong></span> <span class='ocrx_word' id='word_1_615' title='bbox 1059 4776 1280 4831; x_wconf 81' lang='lat' dir='ltr'><strong>Romam</strong></span> <span class='ocrx_word' id='word_1_616' title='bbox 1314 4774 1432 4832; x_wconf 78' lang='lat' dir='ltr'><strong>cum</strong></span> <span class='ocrx_word' id='word_1_617' title='bbox 1465 4780 1570 4832; x_wconf 87' lang='lat' dir='ltr'><strong>lilio</strong></span> <span class='ocrx_word' id='word_1_618' title='bbox 1597 4793 1692 4832; x_wconf 89' lang='lat' dir='ltr'><strong>suo</strong></span> <span class='ocrx_word' id='word_1_619' title='bbox 1712 4774 1997 4835; x_wconf 72' lang='lat' dir='ltr'><strong>concessit.</strong></span> 
     </span>
    </p>
   </div>
   <div class='ocr_carea' id='block_1_89' title="bbox 435 4843 1999 4910">
    <p class='ocr_par' dir='ltr' id='par_1_89' title="bbox 435 4843 1999 4910">
     <span class='ocr_line' id='line_1_89' title="bbox 435 4843 1999 4910; baseline 0.005 -15"><span class='ocrx_word' id='word_1_620' title='bbox 435 4843 876 4910; x_wconf 77' lang='lat' dir='ltr'><strong>Philosophorum</strong></span> <span class='ocrx_word' id='word_1_621' title='bbox 908 4843 1082 4899; x_wconf 86' lang='lat' dir='ltr'><strong>studio</strong></span> <span class='ocrx_word' id='word_1_622' title='bbox 1125 4848 1443 4902; x_wconf 72' lang='lat' dir='ltr'><strong>imbuendus</strong></span> <span class='ocrx_word' id='word_1_623' title='bbox 1475 4848 1695 4902; x_wconf 89' lang='lat' dir='ltr'><strong>traditus</strong></span> <span class='ocrx_word' id='word_1_624' title='bbox 1726 4851 1907 4904; x_wconf 86' lang='lat' dir='ltr'><strong>incidit</strong></span> <span class='ocrx_word' id='word_1_625' title='bbox 1950 4852 1999 4903; x_wconf 90' lang='lat' dir='ltr'><strong>in</strong></span> 
     </span>
    </p>
   </div>
   <div class='ocr_carea' id='block_1_90' title="bbox 428 4915 2002 4990">
    <p class='ocr_par' dir='ltr' id='par_1_90' title="bbox 428 4915 2002 4990">
     <span class='ocr_line' id='line_1_90' title="bbox 428 4915 2002 4990; baseline 0.006 -24"><span class='ocrx_word' id='word_1_626' title='bbox 428 4915 596 4990; x_wconf 67' lang='lat' dir='ltr'><strong>libros</strong></span> <span class='ocrx_word' id='word_1_627' title='bbox 646 4915 1073 4990; x_wconf 74' lang='lat' dir='ltr'><strong>Evangeliorum,</strong></span> <span class='ocrx_word' id='word_1_628' title='bbox 1127 4927 1182 4971; x_wconf 90' lang='lat' dir='ltr'><strong>et</strong></span> <span class='ocrx_word' id='word_1_629' title='bbox 1225 4935 1255 4971; x_wconf 92' lang='lat' dir='ltr'><strong>a</strong></span> <span class='ocrx_word' id='word_1_630' title='bbox 1297 4920 1642 4986; x_wconf 82' lang='lat' dir='ltr'><strong>Carpophoro</strong></span> <span class='ocrx_word' id='word_1_631' title='bbox 1692 4922 2002 4990; x_wconf 84' lang='lat' dir='ltr'><strong>presbytero</strong></span> 
     </span>
    </p>
   </div>
   <div class='ocr_carea' id='block_1_91' title="bbox 426 4983 2003 5060">
    <p class='ocr_par' dir='ltr' id='par_1_91' title="bbox 426 4983 2003 5060">
     <span class='ocr_line' id='line_1_91' title="bbox 426 4983 2003 5060; baseline 0.004 -23"><span class='ocrx_word' id='word_1_632' title='bbox 426 4983 614 5060; x_wconf 75' lang='lat' dir='ltr'><strong>didicit</strong></span> <span class='ocrx_word' id='word_1_633' title='bbox 642 5000 820 5038; x_wconf 82' lang='lat' dir='ltr'><strong>sacras</strong></span> <span class='ocrx_word' id='word_1_634' title='bbox 853 4988 1052 5040; x_wconf 87' lang='lat' dir='ltr'><strong>litteras</strong></span> <span class='ocrx_word' id='word_1_635' title='bbox 1076 5000 1129 5041; x_wconf 90' lang='lat' dir='ltr'><strong>et</strong></span> <span class='ocrx_word' id='word_1_636' title='bbox 1157 4983 1453 5056; x_wconf 81' lang='lat' dir='ltr'><strong>baptizatus</strong></span> <span class='ocrx_word' id='word_1_637' title='bbox 1478 4983 1578 5045; x_wconf 82' lang='lat' dir='ltr'><strong>est.</strong></span> <span class='ocrx_word' id='word_1_638' title='bbox 1613 4983 1877 5045; x_wconf 77' lang='lat' dir='ltr'><strong>I’olemius</strong></span> <span class='ocrx_word' id='word_1_639' title='bbox 1905 4992 2003 5060; x_wconf 78' lang='lat' dir='ltr'><strong>igi-</strong></span> 
     </span>
    </p>
   </div>
   <div class='ocr_carea' id='block_1_92' title="bbox 429 5052 1998 5127">
    <p class='ocr_par' dir='ltr' id='par_1_92' title="bbox 429 5052 1998 5127">
     <span class='ocr_line' id='line_1_92' title="bbox 429 5052 1998 5127; baseline 0.007 -23"><span class='ocrx_word' id='word_1_640' title='bbox 429 5063 519 5127; x_wconf 71' lang='lat' dir='ltr'><strong>t_ur_</strong></span> <span class='ocrx_word' id='word_1_641' title='bbox 541 5052 657 5121; x_wconf 82' lang='lat' dir='ltr'><strong>ejus</strong></span> <span class='ocrx_word' id='word_1_642' title='bbox 686 5066 836 5124; x_wconf 86' lang='lat' dir='ltr'><strong>pater</strong></span> <span class='ocrx_word' id='word_1_643' title='bbox 868 5060 1053 5122; x_wconf 84' lang='lat' dir='ltr'><strong>iratus,</strong></span> <span class='ocrx_word' id='word_1_644' title='bbox 1080 5060 1130 5111; x_wconf 92' lang='lat' dir='ltr'><strong>in</strong></span> <span class='ocrx_word' id='word_1_645' title='bbox 1175 5052 1390 5113; x_wconf 78' lang='lat' dir='ltr'><strong>carcere</strong></span> <span class='ocrx_word' id='word_1_646' title='bbox 1435 5076 1552 5113; x_wconf 90' lang='lat' dir='ltr'><strong>eum</strong></span> <span class='ocrx_word' id='word_1_647' title='bbox 1602 5059 1797 5115; x_wconf 88' lang='lat' dir='ltr'><strong>includi</strong></span> <span class='ocrx_word' id='word_1_648' title='bbox 1824 5052 1998 5127; x_wconf 51' lang='lat' dir='ltr'><strong>jussit.</strong></span> 
     </span>
    </p>
   </div>
   <div class='ocr_carea' id='block_1_93' title="bbox 430 5120 2003 5199">
    <p class='ocr_par' dir='ltr' id='par_1_93' title="bbox 430 5120 2003 5199">
     <span class='ocr_line' id='line_1_93' title="bbox 430 5120 2003 5199; baseline 0.007 -24"><span class='ocrx_word' id='word_1_649' title='bbox 430 5120 645 5199; x_wconf 78' lang='lat' dir='ltr'><strong>Deinde</strong></span> <span class='ocrx_word' id='word_1_650' title='bbox 675 5120 794 5179; x_wconf 82' lang='lat' dir='ltr'><strong>éum</strong></span> <span class='ocrx_word' id='word_1_651' title='bbox 839 5128 987 5195; x_wconf 87' lang='lat' dir='ltr'><strong>jubet</strong></span> <span class='ocrx_word' id='word_1_652' title='bbox 1030 5120 1206 5181; x_wconf 86' lang='lat' dir='ltr'><strong>ornari</strong></span> <span class='ocrx_word' id='word_1_653' title='bbox 1254 5140 1401 5182; x_wconf 83' lang='lat' dir='ltr'><strong>veste</strong></span> <span class='ocrx_word' id='word_1_654' title='bbox 1445 5129 1632 5193; x_wconf 88' lang='lat' dir='ltr'><strong>serica,</strong></span> <span class='ocrx_word' id='word_1_655' title='bbox 1681 5120 2003 5199; x_wconf 83' lang='lat' dir='ltr'><strong>ancillasque</strong></span> 
     </span>
    </p>
   </div>
   <div class='ocr_carea' id='block_1_94' title="bbox 431 5195 2004 5271">
    <p class='ocr_par' dir='ltr' id='par_1_94' title="bbox 431 5195 2004 5271">
     <span class='ocr_line' id='line_1_94' title="bbox 431 5195 2004 5271; baseline 0.006 -26"><span class='ocrx_word' id='word_1_656' title='bbox 431 5195 842 5271; x_wconf 65' lang='lat' dir='ltr'><strong>formosissimas</strong></span> <span class='ocrx_word' id='word_1_657' title='bbox 900 5213 1019 5271; x_wconf 88' lang='lat' dir='ltr'><strong>cum</strong></span> <span class='ocrx_word' id='word_1_658' title='bbox 1068 5200 1176 5251; x_wconf 88' lang='lat' dir='ltr'><strong>lilio</strong></span> <span class='ocrx_word' id='word_1_659' title='bbox 1226 5200 1481 5265; x_wconf 84' lang='lat' dir='ltr'><strong>includit,</strong></span> <span class='ocrx_word' id='word_1_660' title='bbox 1526 5202 1665 5255; x_wconf 89' lang='lat' dir='ltr'><strong>inter</strong></span> <span class='ocrx_word' id='word_1_661' title='bbox 1712 5217 1845 5271; x_wconf 89' lang='lat' dir='ltr'><strong>quas</strong></span> <span class='ocrx_word' id='word_1_662' title='bbox 1887 5195 2004 5255; x_wconf 82' lang='lat' dir='ltr'><strong>erat</strong></span> 
     </span>
    </p>
   </div>
   <div class='ocr_carea' id='block_1_95' title="bbox 429 5265 2004 5333">
    <p class='ocr_par' dir='ltr' id='par_1_95' title="bbox 429 5265 2004 5333">
     <span class='ocr_line' id='line_1_95' title="bbox 429 5265 2004 5333; baseline 0.006 -18"><span class='ocrx_word' id='word_1_663' title='bbox 429 5268 597 5333; x_wconf 76' lang='lat' dir='ltr'><strong>virgo,</strong></span> <span class='ocrx_word' id='word_1_664' title='bbox 630 5265 783 5319; x_wconf 85' lang='lat' dir='ltr'><strong>Daria</strong></span> <span class='ocrx_word' id='word_1_665' title='bbox 815 5269 1044 5333; x_wconf 90' lang='lat' dir='ltr'><strong>nomine,</strong></span> <span class='ocrx_word' id='word_1_666' title='bbox 1079 5277 1135 5321; x_wconf 89' lang='lat' dir='ltr'><strong>ut</strong></span> <span class='ocrx_word' id='word_1_667' title='bbox 1162 5285 1281 5323; x_wconf 88' lang='lat' dir='ltr'><strong>eum</strong></span> <span class='ocrx_word' id='word_1_668' title='bbox 1335 5272 1401 5322; x_wconf 89' lang='lat' dir='ltr'><strong>ad</strong></span> <span class='ocrx_word' id='word_1_669' title='bbox 1447 5265 1794 5327; x_wconf 45' lang='lat' dir='ltr'><strong>luxuriem-et</strong></span> <span class='ocrx_word' id='word_1_670' title='bbox 1824 5271 2004 5325; x_wconf 90' lang='lat' dir='ltr'><strong>libidi-</strong></span> 
     </span>
    </p>
   </div>
   <div class='ocr_carea' id='block_1_96' title="bbox 431 5336 2005 5409">
    <p class='ocr_par' dir='ltr' id='par_1_96' title="bbox 431 5336 2005 5409">
     <span class='ocr_line' id='line_1_96' title="bbox 431 5336 2005 5409; baseline 0.005 -22"><span class='ocrx_word' id='word_1_671' title='bbox 431 5349 552 5387; x_wconf 81' lang='lat' dir='ltr'><strong>nem</strong></span> <span class='ocrx_word' id='word_1_672' title='bbox 589 5336 879 5402; x_wconf 87' lang='lat' dir='ltr'><strong>pelliciant;</strong></span> <span class='ocrx_word' id='word_1_673' title='bbox 927 5343 1017 5391; x_wconf 77' lang='lat' dir='ltr'><strong>se-l</strong></span> <span class='ocrx_word' id='word_1_674' title='bbox 1065 5341 1114 5391; x_wconf 91' lang='lat' dir='ltr'><strong>in</strong></span> <span class='ocrx_word' id='word_1_675' title='bbox 1160 5342 1430 5408; x_wconf 88' lang='lat' dir='ltr'><strong>proposito</strong></span> <span class='ocrx_word' id='word_1_676' title='bbox 1477 5343 1547 5395; x_wconf 93' lang='lat' dir='ltr'><strong>ita</strong></span> <span class='ocrx_word' id='word_1_677' title='bbox 1581 5345 1874 5409; x_wconf 89' lang='lat' dir='ltr'><strong>permansit</strong></span> <span class='ocrx_word' id='word_1_678' title='bbox 1920 5343 2005 5395; x_wconf 88' lang='lat' dir='ltr'><strong>vir</strong></span> 
     </span>
    </p>
   </div>
   <div class='ocr_carea' id='block_1_97' title="bbox 429 5410 2003 5476">
    <p class='ocr_par' dir='ltr' id='par_1_97' title="bbox 429 5410 2003 5476">
     <span class='ocr_line' id='line_1_97' title="bbox 429 5410 2003 5476; baseline 0.008 -21"><span class='ocrx_word' id='word_1_679' title='bbox 429 5417 675 5467; x_wconf 70' lang='lat' dir='ltr'><strong>sanctus,</strong></span> <span class='ocrx_word' id='word_1_680' title='bbox 731 5418 784 5459; x_wconf 92' lang='lat' dir='ltr'><strong>ut</strong></span> <span class='ocrx_word' id='word_1_681' title='bbox 836 5410 1124 5475; x_wconf 86' lang='lat' dir='ltr'><strong>puellarum</strong></span> <span class='ocrx_word' id='word_1_682' title='bbox 1172 5410 1452 5463; x_wconf 83' lang='lat' dir='ltr'><strong>blanditias</strong></span> <span class='ocrx_word' id='word_1_683' title='bbox 1501 5422 1896 5476; x_wconf 88' lang='lat' dir='ltr'><strong>contemneret,</strong></span> <span class='ocrx_word' id='word_1_684' title='bbox 1948 5421 2003 5467; x_wconf 80' lang='lat' dir='ltr'><strong>et</strong></span> 
     </span>
    </p>
   </div>
   <div class='ocr_carea' id='block_1_98' title="bbox 431 5476 2002 5542">
    <p class='ocr_par' dir='ltr' id='par_1_98' title="bbox 431 5476 2002 5542">
     <span class='ocr_line' id='line_1_98' title="bbox 431 5476 2002 5542; baseline 0.006 -16"><span class='ocrx_word' id='word_1_685' title='bbox 431 5476 595 5539; x_wconf 83' lang='lat' dir='ltr'><strong>ipsum</strong></span> <span class='ocrx_word' id='word_1_686' title='bbox 633 5477 835 5530; x_wconf 83' lang='lat' dir='ltr'><strong>Dariam</strong></span> <span class='ocrx_word' id='word_1_687' title='bbox 873 5479 1278 5542; x_wconf 77' lang='lat' dir='ltr'><strong>pulcherrimam</strong></span> <span class='ocrx_word' id='word_1_688' title='bbox 1319 5481 1383 5533; x_wconf 89' lang='lat' dir='ltr'><strong>ad</strong></span> <span class='ocrx_word' id='word_1_689' title='bbox 1414 5482 1684 5535; x_wconf 83' lang='lat' dir='ltr'><strong>Christum</strong></span> <span class='ocrx_word' id='word_1_690' title='bbox 1725 5493 2002 5535; x_wconf 85' lang='lat' dir='ltr'><strong>converte-</strong></span> 
     </span>
    </p>
   </div>
   <div class='ocr_carea' id='block_1_99' title="bbox 432 5552 2001 5620">
    <p class='ocr_par' dir='ltr' id='par_1_99' title="bbox 432 5552 2001 5620">
     <span class='ocr_line' id='line_1_99' title="bbox 432 5552 2001 5620; baseline 0.005 -23"><span class='ocrx_word' id='word_1_691' title='bbox 432 5556 534 5620; x_wconf 85' lang='lat' dir='ltr'><strong>ret,</strong></span> <span class='ocrx_word' id='word_1_692' title='bbox 568 5557 620 5620; x_wconf 84' lang='lat' dir='ltr'><strong>et</strong></span> <span class='ocrx_word' id='word_1_693' title='bbox 645 5563 763 5620; x_wconf 80' lang='lat' dir='ltr'><strong>cuiu</strong></span> <span class='ocrx_word' id='word_1_694' title='bbox 793 5566 875 5613; x_wconf 83' lang='lat' dir='ltr'><strong>ea,</strong></span> <span class='ocrx_word' id='word_1_695' title='bbox 904 5559 1180 5615; x_wconf 85' lang='lat' dir='ltr'><strong>postquam</strong></span> <span class='ocrx_word' id='word_1_696' title='bbox 1213 5556 1310 5605; x_wconf 88' lang='lat' dir='ltr'><strong>sub</strong></span> <span class='ocrx_word' id='word_1_697' title='bbox 1338 5552 1657 5605; x_wconf 83' lang='lat' dir='ltr'><strong>Numeriano</strong></span> <span class='ocrx_word' id='word_1_698' title='bbox 1684 5552 2001 5620; x_wconf 87' lang='lat' dir='ltr'><strong>imperatore</strong></span> 
     </span>
    </p>
   </div>
   <div class='ocr_carea' id='block_1_100' title="bbox 433 5617 2002 5689">
    <p class='ocr_par' dir='ltr' id='par_1_100' title="bbox 433 5617 2002 5689">
     <span class='ocr_line' id='line_1_100' title="bbox 433 5617 2002 5689; baseline 0.004 -24"><span class='ocrx_word' id='word_1_699' title='bbox 433 5617 588 5689; x_wconf 85' lang='lat' dir='ltr'><strong>simul</strong></span> <span class='ocrx_word' id='word_1_700' title='bbox 621 5618 759 5684; x_wconf 73' lang='grc' dir='ltr'>μειεδί</span> <span class='ocrx_word' id='word_1_701' title='bbox 792 5629 967 5683; x_wconf 81' lang='lat' dir='ltr'><strong>essent</strong></span> <span class='ocrx_word' id='word_1_702' title='bbox 1000 5622 1164 5673; x_wconf 90' lang='lat' dir='ltr'><strong>multa</strong></span> <span class='ocrx_word' id='word_1_703' title='bbox 1212 5622 1488 5689; x_wconf 87' lang='lat' dir='ltr'><strong>supplicia,</strong></span> <span class='ocrx_word' id='word_1_704' title='bbox 1520 5632 1573 5675; x_wconf 91' lang='lat' dir='ltr'><strong>et</strong></span> <span class='ocrx_word' id='word_1_705' title='bbox 1605 5617 1839 5675; x_wconf 48' lang='lat' dir='ltr'><strong>terra&#39;et</strong></span> <span class='ocrx_word' id='word_1_706' title='bbox 1871 5622 2002 5688; x_wconf 87' lang='lat' dir='ltr'><strong>lapi-</strong></span> 
     </span>
    </p>
   </div>
   <div class='ocr_carea' id='block_1_101' title="bbox 434 5687 1997 5757">
    <p class='ocr_par' dir='ltr' id='par_1_101' title="bbox 434 5687 1997 5757">
     <span class='ocr_line' id='line_1_101' title="bbox 434 5687 1997 5757; baseline 0.003 -17"><span class='ocrx_word' id='word_1_707' title='bbox 434 5687 595 5757; x_wconf 76' lang='lat' dir='ltr'><strong>dibus</strong></span> <span class='ocrx_word' id='word_1_708' title='bbox 621 5689 840 5742; x_wconf 87' lang='lat' dir='ltr'><strong>obrutus</strong></span> <span class='ocrx_word' id='word_1_709' title='bbox 871 5701 1092 5744; x_wconf 87' lang='lat' dir='ltr'><strong>mortem</strong></span> <span class='ocrx_word' id='word_1_710' title='bbox 1124 5687 1363 5746; x_wconf 82' lang='lat' dir='ltr'><strong>simulet</strong></span> <span class='ocrx_word' id='word_1_711' title='bbox 1388 5692 1686 5757; x_wconf 86' lang='lat' dir='ltr'><strong>sepulcrum</strong></span> <span class='ocrx_word' id='word_1_712' title='bbox 1720 5687 1997 5745; x_wconf 80' lang='lat' dir='ltr'><strong>inveniret.</strong></span> 
     </span>
    </p>
   </div>
   <div class='ocr_carea' id='block_1_102' title="bbox 505 5755 2002 5833">
    <p class='ocr_par' dir='ltr' id='par_1_102' title="bbox 505 5755 2002 5833">
     <span class='ocr_line' id='line_1_102' title="bbox 505 5755 2002 5833; baseline 0.002 -21"><span class='ocrx_word' id='word_1_713' title='bbox 505 5758 529 5803; x_wconf 68' lang='grc' dir='ltr'>α</span> <span class='ocrx_word' id='word_1_714' title='bbox 554 5755 940 5815; x_wconf 61' lang='grc' dir='ltr'><strong>Βαγιέιοιοηιανὲ.</strong></span> <span class='ocrx_word' id='word_1_715' title='bbox 969 5761 1042 5818; x_wconf 86' lang='lat' dir='ltr'><strong>De</strong></span> <span class='ocrx_word' id='word_1_716' title='bbox 1066 5763 1163 5818; x_wconf 89' lang='lat' dir='ltr'><strong>bac</strong></span> <span class='ocrx_word' id='word_1_717' title='bbox 1190 5755 1529 5819; x_wconf 81' lang='lat' dir='ltr'><strong>translatione</strong></span> <span class='ocrx_word' id='word_1_718' title='bbox 1553 5765 1670 5819; x_wconf 86' lang='lat' dir='ltr'><strong>vide</strong></span> <span class='ocrx_word' id='word_1_719' title='bbox 1698 5778 1853 5833; x_wconf 87' lang='lat' dir='ltr'><strong>supra</strong></span> <span class='ocrx_word' id='word_1_720' title='bbox 1883 5778 2002 5816; x_wconf 73' lang='lat' dir='ltr'><strong>xxiv</strong></span> 
     </span>
    </p>
   </div>
   <div class='ocr_carea' id='block_1_103' title="bbox 2032 4469 2084 4528">
    <p class='ocr_par' dir='ltr' id='par_1_103' title="bbox 2032 4469 2084 4528">
     <span class='ocr_line' id='line_1_103' title="bbox 2032 4469 2084 4528; baseline 0 0"><span class='ocrx_word' id='word_1_721' title='bbox 2032 4469 2084 4528; x_wconf 88' lang='lat' dir='ltr'><strong>D</strong></span> 
     </span>
    </p>
   </div>
   <div class='ocr_carea' id='block_1_104' title="bbox 2114 3587 2354 3649">
    <p class='ocr_par' dir='ltr' id='par_1_104' title="bbox 2114 3587 2354 3649">
     <span class='ocr_line' id='line_1_104' title="bbox 2114 3587 2354 3649; baseline -0.008 -9"><span class='ocrx_word' id='word_1_722' title='bbox 2114 3587 2354 3649; x_wconf 70' lang='lat' dir='ltr'><strong>Augusti.</strong></span> 
     </span>
    </p>
   </div>
   <div class='ocr_carea' id='block_1_105' title="bbox 2186 3655 3684 3727">
    <p class='ocr_par' dir='ltr' id='par_1_105' title="bbox 2186 3655 3684 3727">
     <span class='ocr_line' id='line_1_105' title="bbox 2186 3655 3684 3727; baseline 0.003 -18"><span class='ocrx_word' id='word_1_723' title='bbox 2186 3660 2209 3687; x_wconf 67' lang='grc' dir='ltr'>ε’</span> <span class='ocrx_word' id='word_1_724' title='bbox 2243 3656 2495 3709; x_wconf 76' lang='lat' dir='ltr'><strong>Miniatis.</strong></span> <span class='ocrx_word' id='word_1_725' title='bbox 2532 3659 2659 3709; x_wconf 88' lang='lat' dir='ltr'><strong>Acta</strong></span> <span class='ocrx_word' id='word_1_726' title='bbox 2692 3655 2747 3727; x_wconf 91' lang='lat' dir='ltr'><strong>S.</strong></span> <span class='ocrx_word' id='word_1_727' title='bbox 2781 3655 3006 3710; x_wconf 79' lang='lat' dir='ltr'><strong>Miniatls</strong></span> <span class='ocrx_word' id='word_1_728' title='bbox 3055 3660 3193 3727; x_wconf 87' lang='lat' dir='ltr'><strong>apud</strong></span> <span class='ocrx_word' id='word_1_729' title='bbox 3218 3659 3430 3714; x_wconf 86' lang='lat' dir='ltr'><strong>Surium</strong></span> <span class='ocrx_word' id='word_1_730' title='bbox 3476 3669 3607 3714; x_wconf 90' lang='lat' dir='ltr'><strong>tom.</strong></span> <span class='ocrx_word' id='word_1_731' title='bbox 3641 3663 3684 3714; x_wconf 87' lang='lat' dir='ltr'><strong>V</strong></span> 
     </span>
    </p>
   </div>
   <div class='ocr_carea' id='block_1_106' title="bbox 2108 3726 3679 3792">
    <p class='ocr_par' dir='ltr' id='par_1_106' title="bbox 2108 3726 3679 3792">
     <span class='ocr_line' id='line_1_106' title="bbox 2108 3726 3679 3792; baseline 0.002 -10"><span class='ocrx_word' id='word_1_732' title='bbox 2108 3727 2247 3782; x_wconf 89' lang='lat' dir='ltr'><strong>edita</strong></span> <span class='ocrx_word' id='word_1_733' title='bbox 2278 3728 2514 3792; x_wconf 79' lang='lat' dir='ltr'><strong>ejusdem</strong></span> <span class='ocrx_word' id='word_1_734' title='bbox 2545 3735 2666 3778; x_wconf 92' lang='lat' dir='ltr'><strong>sunt</strong></span> <span class='ocrx_word' id='word_1_735' title='bbox 2710 3726 2825 3778; x_wconf 86' lang='lat' dir='ltr'><strong>Iidei</strong></span> <span class='ocrx_word' id='word_1_736' title='bbox 2860 3736 2912 3778; x_wconf 93' lang='lat' dir='ltr'><strong>et</strong></span> <span class='ocrx_word' id='word_1_737' title='bbox 2950 3730 3277 3782; x_wconf 87' lang='lat' dir='ltr'><strong>auctoritatis</strong></span> <span class='ocrx_word' id='word_1_738' title='bbox 3305 3745 3367 3784; x_wconf 90' lang='lat' dir='ltr'><strong>ac</strong></span> <span class='ocrx_word' id='word_1_739' title='bbox 3398 3741 3516 3783; x_wconf 90' lang='lat' dir='ltr'><strong>sunt</strong></span> <span class='ocrx_word' id='word_1_740' title='bbox 3548 3732 3679 3785; x_wconf 78' lang='lat' dir='ltr'><strong>Acta</strong></span> 
     </span>
    </p>
   </div>
   <div class='ocr_carea' id='block_1_107' title="bbox 2109 3795 3686 3872">
    <p class='ocr_par' dir='ltr' id='par_1_107' title="bbox 2109 3795 3686 3872">
     <span class='ocr_line' id='line_1_107' title="bbox 2109 3795 3686 3872; baseline 0.001 -21"><span class='ocrx_word' id='word_1_741' title='bbox 2109 3799 2170 3855; x_wconf 85' lang='lat' dir='ltr'><strong>S.</strong></span> <span class='ocrx_word' id='word_1_742' title='bbox 2197 3796 2482 3851; x_wconf 86' lang='lat' dir='ltr'><strong>Laurentii.</strong></span> <span class='ocrx_word' id='word_1_743' title='bbox 2515 3795 2770 3872; x_wconf 75' lang='lat' dir='ltr'><strong>Refertnrt</strong></span> <span class='ocrx_word' id='word_1_744' title='bbox 2795 3796 3021 3872; x_wconf 81' lang='lat' dir='ltr'><strong>enimS.</strong></span> <span class='ocrx_word' id='word_1_745' title='bbox 3051 3799 3317 3872; x_wconf 82' lang='lat' dir='ltr'><strong>Minialem</strong></span> <span class='ocrx_word' id='word_1_746' title='bbox 3347 3812 3459 3867; x_wconf 89' lang='lat' dir='ltr'><strong>post</strong></span> <span class='ocrx_word' id='word_1_747' title='bbox 3490 3801 3547 3853; x_wconf 87' lang='lat' dir='ltr'><strong>S.</strong></span> <span class='ocrx_word' id='word_1_748' title='bbox 3577 3800 3686 3872; x_wconf 77' lang='lat' dir='ltr'><strong>Xy-</strong></span> 
     </span>
    </p>
   </div>
   <div class='ocr_carea' id='block_1_108' title="bbox 2111 3866 3683 3937">
    <p class='ocr_par' dir='ltr' id='par_1_108' title="bbox 2111 3866 3683 3937">
     <span class='ocr_line' id='line_1_108' title="bbox 2111 3866 3683 3937; baseline 0.003 -16"><span class='ocrx_word' id='word_1_749' title='bbox 2111 3879 2250 3921; x_wconf 90' lang='lat' dir='ltr'><strong>stum</strong></span> <span class='ocrx_word' id='word_1_750' title='bbox 2285 3881 2469 3934; x_wconf 89' lang='lat' dir='ltr'><strong>papam</strong></span> <span class='ocrx_word' id='word_1_751' title='bbox 2523 3868 2670 3937; x_wconf 12' lang='lat' dir='ltr'><strong>etis.</strong></span> <span class='ocrx_word' id='word_1_752' title='bbox 2698 3866 3040 3937; x_wconf 72' lang='lat' dir='ltr'><strong>Laurentium</strong></span> <span class='ocrx_word' id='word_1_753' title='bbox 3092 3866 3547 3933; x_wconf 79' lang='lat' dir='ltr'><strong>arcliidiaCouum,</strong></span> <span class='ocrx_word' id='word_1_754' title='bbox 3596 3866 3683 3937; x_wconf 73' lang='lat' dir='ltr'><strong>qui</strong></span> 
     </span>
    </p>
   </div>
   <div class='ocr_carea' id='block_1_109' title="bbox 2112 3934 3687 4006">
    <p class='ocr_par' dir='ltr' id='par_1_109' title="bbox 2112 3934 3687 4006">
     <span class='ocr_line' id='line_1_109' title="bbox 2112 3934 3687 4006; baseline 0.001 -15"><span class='ocrx_word' id='word_1_755' title='bbox 2112 3937 2250 4006; x_wconf 87' lang='lat' dir='ltr'><strong>passi</strong></span> <span class='ocrx_word' id='word_1_756' title='bbox 2284 3946 2406 3989; x_wconf 89' lang='lat' dir='ltr'><strong>sunt</strong></span> <span class='ocrx_word' id='word_1_757' title='bbox 2434 3937 2531 3989; x_wconf 90' lang='lat' dir='ltr'><strong>sub</strong></span> <span class='ocrx_word' id='word_1_758' title='bbox 2560 3936 2834 3991; x_wconf 84' lang='lat' dir='ltr'><strong>Valeriano</strong></span> <span class='ocrx_word' id='word_1_759' title='bbox 2864 3948 2914 3990; x_wconf 88' lang='lat' dir='ltr'><strong>et</strong></span> <span class='ocrx_word' id='word_1_760' title='bbox 2940 3934 3204 4002; x_wconf 89' lang='lat' dir='ltr'><strong>Gallieno,</strong></span> <span class='ocrx_word' id='word_1_761' title='bbox 3236 3940 3336 3993; x_wconf 88' lang='lat' dir='ltr'><strong>sub</strong></span> <span class='ocrx_word' id='word_1_762' title='bbox 3369 3939 3526 3993; x_wconf 91' lang='lat' dir='ltr'><strong>Decio</strong></span> <span class='ocrx_word' id='word_1_763' title='bbox 3558 3934 3687 3993; x_wconf 81' lang='lat' dir='ltr'><strong>mar-</strong></span> 
     </span>
    </p>
   </div>
   <div class='ocr_carea' id='block_1_110' title="bbox 2113 4008 3686 4078">
    <p class='ocr_par' dir='ltr' id='par_1_110' title="bbox 2113 4008 3686 4078">
     <span class='ocr_line' id='line_1_110' title="bbox 2113 4008 3686 4078; baseline 0.001 -16"><span class='ocrx_word' id='word_1_764' title='bbox 2113 4008 2305 4078; x_wconf 88' lang='lat' dir='ltr'><strong>tyrium</strong></span> <span class='ocrx_word' id='word_1_765' title='bbox 2341 4020 2769 4078; x_wconf 74' lang='lat' dir='ltr'><strong>consummasse,</strong></span> <span class='ocrx_word' id='word_1_766' title='bbox 2819 4008 2955 4073; x_wconf 88' lang='lat' dir='ltr'><strong>quod</strong></span> <span class='ocrx_word' id='word_1_767' title='bbox 3010 4009 3163 4076; x_wconf 87' lang='lat' dir='ltr'><strong>plane</strong></span> <span class='ocrx_word' id='word_1_768' title='bbox 3210 4009 3355 4062; x_wconf 89' lang='lat' dir='ltr'><strong>nullo</strong></span> <span class='ocrx_word' id='word_1_769' title='bbox 3387 4011 3542 4062; x_wconf 91' lang='lat' dir='ltr'><strong>modo</strong></span> <span class='ocrx_word' id='word_1_770' title='bbox 3573 4010 3686 4064; x_wconf 88' lang='lat' dir='ltr'><strong>lieri</strong></span> 
     </span>
    </p>
   </div>
   <div class='ocr_carea' id='block_1_111' title="bbox 2113 4076 3686 4146">
    <p class='ocr_par' dir='ltr' id='par_1_111' title="bbox 2113 4076 3686 4146">
     <span class='ocr_line' id='line_1_111' title="bbox 2113 4076 3686 4146; baseline 0.001 -15"><span class='ocrx_word' id='word_1_771' title='bbox 2113 4076 2307 4145; x_wconf 77' lang='lat' dir='ltr'><strong>potest.</strong></span> <span class='ocrx_word' id='word_1_772' title='bbox 2340 4076 2412 4130; x_wconf 89' lang='lat' dir='ltr'><strong>De</strong></span> <span class='ocrx_word' id='word_1_773' title='bbox 2441 4077 2782 4146; x_wconf 86' lang='lat' dir='ltr'><strong>translatione</strong></span> <span class='ocrx_word' id='word_1_774' title='bbox 2811 4078 3148 4146; x_wconf 81' lang='lat' dir='ltr'><strong>reliquiarum</strong></span> <span class='ocrx_word' id='word_1_775' title='bbox 3198 4080 3360 4145; x_wconf 88' lang='lat' dir='ltr'><strong>ipsius</strong></span> <span class='ocrx_word' id='word_1_776' title='bbox 3406 4081 3455 4133; x_wconf 91' lang='lat' dir='ltr'><strong>in</strong></span> <span class='ocrx_word' id='word_1_777' title='bbox 3489 4080 3686 4135; x_wconf 88' lang='lat' dir='ltr'><strong>Gallias</strong></span> 
     </span>
    </p>
   </div>
   <div class='ocr_carea' id='block_1_112' title="bbox 2113 4145 3683 4218">
    <p class='ocr_par' dir='ltr' id='par_1_112' title="bbox 2113 4145 3683 4218">
     <span class='ocr_line' id='line_1_112' title="bbox 2113 4145 3683 4218; baseline 0.003 -19"><span class='ocrx_word' id='word_1_778' title='bbox 2113 4156 2348 4218; x_wconf 86' lang='lat' dir='ltr'><strong>tempore</strong></span> <span class='ocrx_word' id='word_1_779' title='bbox 2373 4145 2613 4218; x_wconf 64' lang='lat' dir='ltr'><strong>Othonis</strong></span> <span class='ocrx_word' id='word_1_780' title='bbox 2648 4147 2773 4215; x_wconf 89' lang='lat' dir='ltr'><strong>imp.</strong></span> <span class='ocrx_word' id='word_1_781' title='bbox 2829 4145 3068 4202; x_wconf 88' lang='lat' dir='ltr'><strong>meminit</strong></span> <span class='ocrx_word' id='word_1_782' title='bbox 3096 4150 3360 4218; x_wconf 84' lang='lat' dir='ltr'><strong>Sigebert.</strong></span> <span class='ocrx_word' id='word_1_783' title='bbox 3402 4152 3453 4203; x_wconf 88' lang='lat' dir='ltr'><strong>in</strong></span> <span class='ocrx_word' id='word_1_784' title='bbox 3482 4150 3683 4204; x_wconf 88' lang='lat' dir='ltr'><strong>Chron.</strong></span> 
     </span>
    </p>
   </div>
   <div class='ocr_carea' id='block_1_113' title="bbox 2108 4214 2640 4271">
    <p class='ocr_par' dir='ltr' id='par_1_113' title="bbox 2108 4214 2640 4271">
     <span class='ocr_line' id='line_1_113' title="bbox 2108 4214 2640 4271; baseline -0.004 -2"><span class='ocrx_word' id='word_1_785' title='bbox 2108 4214 2249 4271; x_wconf 87' lang='lat' dir='ltr'><strong>anno</strong></span> <span class='ocrx_word' id='word_1_786' title='bbox 2283 4216 2493 4271; x_wconf 85' lang='lat' dir='ltr'><strong>Domini</strong></span> <span class='ocrx_word' id='word_1_787' title='bbox 2515 4214 2640 4267; x_wconf 86' lang='lat'><strong>969.</strong></span> 
     </span>
    </p>
   </div>
   <div class='ocr_carea' id='block_1_114' title="bbox 2187 4284 3687 4356">
    <p class='ocr_par' dir='ltr' id='par_1_114' title="bbox 2187 4284 3687 4356">
     <span class='ocr_line' id='line_1_114' title="bbox 2187 4284 3687 4356; baseline 0.003 -19"><span class='ocrx_word' id='word_1_788' title='bbox 2187 4286 2206 4324; x_wconf 77' lang='grc' dir='ltr'><strong>ί</strong></span> <span class='ocrx_word' id='word_1_789' title='bbox 2242 4285 2471 4339; x_wconf 83' lang='lat' dir='ltr'><strong>Alehela.</strong></span> <span class='ocrx_word' id='word_1_790' title='bbox 2524 4284 2703 4339; x_wconf 91' lang='lat' dir='ltr'><strong>Potius</strong></span> <span class='ocrx_word' id='word_1_791' title='bbox 2727 4285 2916 4339; x_wconf 88' lang='lat' dir='ltr'><strong>Ahula.</strong></span> <span class='ocrx_word' id='word_1_792' title='bbox 2949 4286 3043 4340; x_wconf 90' lang='lat' dir='ltr'><strong>Ilic</strong></span> <span class='ocrx_word' id='word_1_793' title='bbox 3077 4289 3248 4356; x_wconf 90' lang='lat' dir='ltr'><strong>primo</strong></span> <span class='ocrx_word' id='word_1_794' title='bbox 3277 4289 3409 4342; x_wconf 88' lang='lat' dir='ltr'><strong>adeo</strong></span> <span class='ocrx_word' id='word_1_795' title='bbox 3438 4287 3489 4340; x_wconf 91' lang='lat' dir='ltr'><strong>in</strong></span> <span class='ocrx_word' id='word_1_796' title='bbox 3520 4304 3687 4354; x_wconf 87' lang='lat' dir='ltr'><strong>equu-</strong></span> 
     </span>
    </p>
   </div>
   <div class='ocr_carea' id='block_1_115' title="bbox 2111 4356 3682 4426">
    <p class='ocr_par' dir='ltr' id='par_1_115' title="bbox 2111 4356 3682 4426">
     <span class='ocr_line' id='line_1_115' title="bbox 2111 4356 3682 4426; baseline 0.002 -18"><span class='ocrx_word' id='word_1_797' title='bbox 2111 4356 2196 4409; x_wconf 88' lang='lat' dir='ltr'><strong>leo</strong></span> <span class='ocrx_word' id='word_1_798' title='bbox 2237 4366 2360 4409; x_wconf 88' lang='lat' dir='ltr'><strong>sunt</strong></span> <span class='ocrx_word' id='word_1_799' title='bbox 2406 4356 2632 4423; x_wconf 71' lang='lat' dir='ltr'><strong>extensi,</strong></span> <span class='ocrx_word' id='word_1_800' title='bbox 2683 4366 2954 4426; x_wconf 19' lang='lat' dir='ltr'><strong>utAomnts</strong></span> <span class='ocrx_word' id='word_1_801' title='bbox 3001 4372 3283 4426; x_wconf 76' lang='lat' dir='ltr'><strong>compages</strong></span> <span class='ocrx_word' id='word_1_802' title='bbox 3323 4359 3682 4411; x_wconf 90' lang='lat' dir='ltr'><strong>membrorum</strong></span> 
     </span>
    </p>
   </div>
   <div class='ocr_carea' id='block_1_116' title="bbox 2110 4424 3684 4497">
    <p class='ocr_par' dir='ltr' id='par_1_116' title="bbox 2110 4424 3684 4497">
     <span class='ocr_line' id='line_1_116' title="bbox 2110 4424 3684 4497; baseline 0 -18"><span class='ocrx_word' id='word_1_803' title='bbox 2110 4440 2295 4479; x_wconf 89' lang='lat' dir='ltr'><strong>eorum</strong></span> <span class='ocrx_word' id='word_1_804' title='bbox 2349 4426 2689 4491; x_wconf 81' lang='lat' dir='ltr'><strong>laxarentur;</strong></span> <span class='ocrx_word' id='word_1_805' title='bbox 2734 4424 2926 4479; x_wconf 86' lang='lat' dir='ltr'><strong>deinde</strong></span> <span class='ocrx_word' id='word_1_806' title='bbox 2970 4424 3140 4497; x_wconf 83' lang='lat' dir='ltr'><strong>capita</strong></span> <span class='ocrx_word' id='word_1_807' title='bbox 3186 4424 3370 4482; x_wconf 86' lang='lat' dir='ltr'><strong>eorum</strong></span> <span class='ocrx_word' id='word_1_808' title='bbox 3421 4428 3684 4495; x_wconf 86' lang='lat' dir='ltr'><strong>lapidibus</strong></span> 
     </span>
    </p>
   </div>
   <div class='ocr_carea' id='block_1_117' title="bbox 2109 4497 3685 4564">
    <p class='ocr_par' dir='ltr' id='par_1_117' title="bbox 2109 4497 3685 4564">
     <span class='ocr_line' id='line_1_117' title="bbox 2109 4497 3685 4564; baseline -0.001 -14"><span class='ocrx_word' id='word_1_809' title='bbox 2109 4497 2468 4564; x_wconf 88' lang='lat' dir='ltr'><strong>superposita,</strong></span> <span class='ocrx_word' id='word_1_810' title='bbox 2514 4510 2680 4564; x_wconf 90' lang='lat' dir='ltr'><strong>usque</strong></span> <span class='ocrx_word' id='word_1_811' title='bbox 2724 4498 2788 4549; x_wconf 90' lang='lat' dir='ltr'><strong>ad</strong></span> <span class='ocrx_word' id='word_1_812' title='bbox 2832 4502 3202 4552; x_wconf 80' lang='lat' dir='ltr'><strong>excussionem</strong></span> <span class='ocrx_word' id='word_1_813' title='bbox 3251 4498 3455 4551; x_wconf 84' lang='lat' dir='ltr'><strong>cerebri</strong></span> <span class='ocrx_word' id='word_1_814' title='bbox 3499 4498 3685 4549; x_wconf 82' lang='lat' dir='ltr'><strong>validis</strong></span> 
     </span>
    </p>
   </div>
   <div class='ocr_carea' id='block_1_118' title="bbox 2107 4566 3684 4638">
    <p class='ocr_par' dir='ltr' id='par_1_118' title="bbox 2107 4566 3684 4638">
     <span class='ocr_line' id='line_1_118' title="bbox 2107 4566 3684 4638; baseline 0.002 -21"><span class='ocrx_word' id='word_1_815' title='bbox 2107 4566 2346 4622; x_wconf 87' lang='lat' dir='ltr'><strong>vectibus</strong></span> <span class='ocrx_word' id='word_1_816' title='bbox 2372 4575 2495 4620; x_wconf 86' lang='lat' dir='ltr'><strong>sunt</strong></span> <span class='ocrx_word' id='word_1_817' title='bbox 2523 4577 2763 4630; x_wconf 89' lang='lat' dir='ltr'><strong>contusa,</strong></span> <span class='ocrx_word' id='word_1_818' title='bbox 2796 4578 2963 4638; x_wconf 8' lang='lat' dir='ltr'><strong>atque,</strong></span> <span class='ocrx_word' id='word_1_819' title='bbox 3000 4569 3068 4621; x_wconf 89' lang='lat' dir='ltr'><strong>ita</strong></span> <span class='ocrx_word' id='word_1_820' title='bbox 3099 4571 3408 4638; x_wconf 88' lang='lat' dir='ltr'><strong>martyrium</strong></span> <span class='ocrx_word' id='word_1_821' title='bbox 3449 4569 3684 4638; x_wconf 86' lang='lat' dir='ltr'><strong>comple-</strong></span> 
     </span>
    </p>
   </div>
   <div class='ocr_carea' id='block_1_119' title="bbox 2104 4636 3682 4706">
    <p class='ocr_par' dir='ltr' id='par_1_119' title="bbox 2104 4636 3682 4706">
     <span class='ocr_line' id='line_1_119' title="bbox 2104 4636 3682 4706; baseline 0.001 -18"><span class='ocrx_word' id='word_1_822' title='bbox 2104 4649 2313 4703; x_wconf 88' lang='lat' dir='ltr'><strong>verunt,</strong></span> <span class='ocrx_word' id='word_1_823' title='bbox 2346 4646 2539 4706; x_wconf 77' lang='lat' dir='ltr'><strong>agente</strong></span> <span class='ocrx_word' id='word_1_824' title='bbox 2592 4638 2813 4702; x_wconf 66' lang='lat' dir='ltr'><strong>praiside</strong></span> <span class='ocrx_word' id='word_1_825' title='bbox 2845 4636 3093 4703; x_wconf 87' lang='lat' dir='ltr'><strong>Daciauo,</strong></span> <span class='ocrx_word' id='word_1_826' title='bbox 3144 4636 3435 4705; x_wconf 78' lang='lat' dir='ltr'><strong>imperante</strong></span> <span class='ocrx_word' id='word_1_827' title='bbox 3481 4637 3682 4689; x_wconf 90' lang='lat' dir='ltr'><strong>Diocle-</strong></span> 
     </span>
    </p>
   </div>
   <div class='ocr_carea' id='block_1_120' title="bbox 2108 4706 3685 4776">
    <p class='ocr_par' dir='ltr' id='par_1_120' title="bbox 2108 4706 3685 4776">
     <span class='ocr_line' id='line_1_120' title="bbox 2108 4706 3685 4776; baseline 0.001 -18"><span class='ocrx_word' id='word_1_828' title='bbox 2108 4709 2266 4761; x_wconf 88' lang='lat' dir='ltr'><strong>tiano.</strong></span> <span class='ocrx_word' id='word_1_829' title='bbox 2316 4708 2389 4760; x_wconf 91' lang='lat' dir='ltr'><strong>De</strong></span> <span class='ocrx_word' id='word_1_830' title='bbox 2433 4708 2513 4761; x_wconf 82' lang='lat' dir='ltr'><strong>Itis</strong></span> <span class='ocrx_word' id='word_1_831' title='bbox 2546 4706 2841 4771; x_wconf 88' lang='lat' dir='ltr'><strong>Usuardus,</strong></span> <span class='ocrx_word' id='word_1_832' title='bbox 2870 4708 2985 4760; x_wconf 72' lang='grc' dir='ltr'><strong>Δύο</strong></span> <span class='ocrx_word' id='word_1_833' title='bbox 3025 4709 3312 4776; x_wconf 79' lang='lat' dir='ltr'><strong>cacterique</strong></span> <span class='ocrx_word' id='word_1_834' title='bbox 3358 4710 3685 4762; x_wconf 85' lang='lat' dir='ltr'><strong>recentiores</strong></span> 
     </span>
    </p>
   </div>
   <div class='ocr_carea' id='block_1_121' title="bbox 2104 4776 2777 4844">
    <p class='ocr_par' dir='ltr' id='par_1_121' title="bbox 2104 4776 2777 4844">
     <span class='ocr_line' id='line_1_121' title="bbox 2104 4776 2777 4844; baseline -0.001 -15"><span class='ocrx_word' id='word_1_835' title='bbox 2104 4786 2269 4844; x_wconf 73' lang='lat' dir='ltr'><strong>agunt</strong></span> <span class='ocrx_word' id='word_1_836' title='bbox 2309 4776 2585 4843; x_wconf 87' lang='lat' dir='ltr'><strong>postridie.</strong></span> <span class='ocrx_word' id='word_1_837' title='bbox 2773 4813 2777 4817; x_wconf 69' lang='lat'><strong>.</strong></span> 
     </span>
    </p>
   </div>
   <div class='ocr_carea' id='block_1_122' title="bbox 2178 4846 3682 4914">
    <p class='ocr_par' dir='ltr' id='par_1_122' title="bbox 2178 4846 3682 4914">
     <span class='ocr_line' id='line_1_122' title="bbox 2178 4846 3682 4914; baseline 0.001 -15"><span class='ocrx_word' id='word_1_838' title='bbox 2178 4848 2203 4885; x_wconf 72' lang='grc' dir='ltr'><strong>Β</strong></span> <span class='ocrx_word' id='word_1_839' title='bbox 2233 4848 2472 4900; x_wconf 82' lang='lat' dir='ltr'><strong>Amandi.</strong></span> <span class='ocrx_word' id='word_1_840' title='bbox 2513 4846 2814 4900; x_wconf 87' lang='lat' dir='ltr'><strong>Translatio</strong></span> <span class='ocrx_word' id='word_1_841' title='bbox 2865 4847 3021 4914; x_wconf 87' lang='lat' dir='ltr'><strong>hujus</strong></span> <span class='ocrx_word' id='word_1_842' title='bbox 3057 4847 3126 4901; x_wconf 89' lang='lat' dir='ltr'><strong>ab</strong></span> <span class='ocrx_word' id='word_1_843' title='bbox 3165 4847 3388 4904; x_wconf 88' lang='lat' dir='ltr'><strong>ecclesia</strong></span> <span class='ocrx_word' id='word_1_844' title='bbox 3435 4848 3492 4902; x_wconf 90' lang='lat' dir='ltr'><strong>S.</strong></span> <span class='ocrx_word' id='word_1_845' title='bbox 3522 4847 3682 4913; x_wconf 86' lang='lat' dir='ltr'><strong>Petri,</strong></span> 
     </span>
    </p>
   </div>
   <div class='ocr_carea' id='block_1_123' title="bbox 2104 4917 3684 4986">
    <p class='ocr_par' dir='ltr' id='par_1_123' title="bbox 2104 4917 3684 4986">
     <span class='ocr_line' id='line_1_123' title="bbox 2104 4917 3684 4986; baseline -0.001 -16"><span class='ocrx_word' id='word_1_846' title='bbox 2104 4917 2156 4970; x_wconf 89' lang='lat' dir='ltr'><strong>in</strong></span> <span class='ocrx_word' id='word_1_847' title='bbox 2188 4933 2289 4986; x_wconf 91' lang='lat' dir='ltr'><strong>qua</strong></span> <span class='ocrx_word' id='word_1_848' title='bbox 2323 4918 2468 4985; x_wconf 91' lang='lat' dir='ltr'><strong>prius</strong></span> <span class='ocrx_word' id='word_1_849' title='bbox 2506 4918 2783 4985; x_wconf 87' lang='lat' dir='ltr'><strong>requievit,</strong></span> <span class='ocrx_word' id='word_1_850' title='bbox 2828 4917 2877 4969; x_wconf 90' lang='lat' dir='ltr'><strong>in</strong></span> <span class='ocrx_word' id='word_1_851' title='bbox 2913 4934 3098 4971; x_wconf 87' lang='lat' dir='ltr'><strong>novam</strong></span> <span class='ocrx_word' id='word_1_852' title='bbox 3133 4921 3398 4972; x_wconf 88' lang='lat' dir='ltr'><strong>basilicam</strong></span> <span class='ocrx_word' id='word_1_853' title='bbox 3434 4919 3533 4971; x_wconf 91' lang='lat' dir='ltr'><strong>hoc</strong></span> <span class='ocrx_word' id='word_1_854' title='bbox 3564 4920 3684 4984; x_wconf 89' lang='lat' dir='ltr'><strong>ipso</strong></span> 
     </span>
    </p>
   </div>
   <div class='ocr_carea' id='block_1_124' title="bbox 2102 4987 3680 5056">
    <p class='ocr_par' dir='ltr' id='par_1_124' title="bbox 2102 4987 3680 5056">
     <span class='ocr_line' id='line_1_124' title="bbox 2102 4987 3680 5056; baseline 0 -15"><span class='ocrx_word' id='word_1_855' title='bbox 2102 4988 2190 5041; x_wconf 91' lang='lat' dir='ltr'><strong>die</strong></span> <span class='ocrx_word' id='word_1_856' title='bbox 2218 4990 2511 5042; x_wconf 88' lang='lat' dir='ltr'><strong>dedicatam</strong></span> <span class='ocrx_word' id='word_1_857' title='bbox 2543 4989 2592 5041; x_wconf 80' lang='lat' dir='ltr'><strong>in</strong></span> <span class='ocrx_word' id='word_1_858' title='bbox 2623 5002 2868 5040; x_wconf 89' lang='lat' dir='ltr'><strong>sermone</strong></span> <span class='ocrx_word' id='word_1_859' title='bbox 2892 4988 3100 5041; x_wconf 75' lang='lat' dir='ltr'><strong>MJonis</strong></span> <span class='ocrx_word' id='word_1_860' title='bbox 3130 4991 3399 5056; x_wconf 88' lang='lat' dir='ltr'><strong>cujusdam</strong></span> <span class='ocrx_word' id='word_1_861' title='bbox 3428 4987 3680 5041; x_wconf 87' lang='lat' dir='ltr'><strong>monachi</strong></span> 
     </span>
    </p>
   </div>
   <div class='ocr_carea' id='block_1_125' title="bbox 2104 5058 3680 5128">
    <p class='ocr_par' dir='ltr' id='par_1_125' title="bbox 2104 5058 3680 5128">
     <span class='ocr_line' id='line_1_125' title="bbox 2104 5058 3680 5128; baseline -0.002 -16"><span class='ocrx_word' id='word_1_862' title='bbox 2104 5058 2428 5113; x_wconf 75' lang='lat' dir='ltr'><strong>Elnonensis</strong></span> <span class='ocrx_word' id='word_1_863' title='bbox 2456 5059 2592 5125; x_wconf 87' lang='lat' dir='ltr'><strong>apud</strong></span> <span class='ocrx_word' id='word_1_864' title='bbox 2626 5058 2869 5111; x_wconf 87' lang='lat' dir='ltr'><strong>Bolland.</strong></span> <span class='ocrx_word' id='word_1_865' title='bbox 2921 5058 3076 5111; x_wconf 85' lang='lat' dir='ltr'><strong>Febr.</strong></span> <span class='ocrx_word' id='word_1_866' title='bbox 3111 5075 3159 5112; x_wconf 80' lang='lat' dir='ltr'>VI</span> <span class='ocrx_word' id='word_1_867' title='bbox 3191 5060 3445 5128; x_wconf 88' lang='lat' dir='ltr'><strong>aperitur.</strong></span> <span class='ocrx_word' id='word_1_868' title='bbox 3495 5059 3551 5111; x_wconf 86' lang='lat' dir='ltr'><strong>In</strong></span> <span class='ocrx_word' id='word_1_869' title='bbox 3579 5073 3680 5124; x_wconf 86' lang='lat' dir='ltr'><strong>qua</strong></span> 
     </span>
    </p>
   </div>
   <div class='ocr_carea' id='block_1_126' title="bbox 2106 5130 3683 5197">
    <p class='ocr_par' dir='ltr' id='par_1_126' title="bbox 2106 5130 3683 5197">
     <span class='ocr_line' id='line_1_126' title="bbox 2106 5130 3683 5197; baseline -0.001 -17"><span class='ocrx_word' id='word_1_870' title='bbox 2106 5138 2283 5182; x_wconf 76' lang='lat' dir='ltr'><strong>tamen</strong></span> <span class='ocrx_word' id='word_1_871' title='bbox 2326 5130 2547 5182; x_wconf 85' lang='lat' dir='ltr'><strong>historia</strong></span> <span class='ocrx_word' id='word_1_872' title='bbox 2587 5143 2810 5197; x_wconf 88' lang='lat' dir='ltr'><strong>erronee</strong></span> <span class='ocrx_word' id='word_1_873' title='bbox 2851 5131 3124 5193; x_wconf 87' lang='lat' dir='ltr'><strong>asseritur,</strong></span> <span class='ocrx_word' id='word_1_874' title='bbox 3154 5131 3290 5197; x_wconf 86' lang='lat' dir='ltr'><strong>quod</strong></span> <span class='ocrx_word' id='word_1_875' title='bbox 3333 5131 3569 5182; x_wconf 75' lang='lat' dir='ltr'><strong>dedicata</strong></span> <span class='ocrx_word' id='word_1_876' title='bbox 3600 5140 3683 5180; x_wconf 83' lang='lat' dir='ltr'><strong>est</strong></span> 
     </span>
    </p>
   </div>
   <div class='ocr_carea' id='block_1_127' title="bbox 2104 5195 3670 5268">
    <p class='ocr_par' dir='ltr' id='par_1_127' title="bbox 2104 5195 3670 5268">
     <span class='ocr_line' id='line_1_127' title="bbox 2104 5195 3670 5268; baseline -0.001 -18"><span class='ocrx_word' id='word_1_877' title='bbox 2104 5201 2348 5268; x_wconf 88' lang='lat' dir='ltr'><strong>ecclesia,</strong></span> <span class='ocrx_word' id='word_1_878' title='bbox 2400 5209 2453 5252; x_wconf 91' lang='lat' dir='ltr'><strong>et</strong></span> <span class='ocrx_word' id='word_1_879' title='bbox 2500 5200 2735 5268; x_wconf 71' lang='lat' dir='ltr'><strong>reliquite</strong></span> <span class='ocrx_word' id='word_1_880' title='bbox 2778 5195 2836 5254; x_wconf 85' lang='lat' dir='ltr'><strong>S.</strong></span> <span class='ocrx_word' id='word_1_881' title='bbox 2876 5201 3096 5253; x_wconf 88' lang='lat' dir='ltr'><strong>Amandi</strong></span> <span class='ocrx_word' id='word_1_882' title='bbox 3155 5195 3422 5253; x_wconf 75' lang='lat' dir='ltr'><strong>translata:</strong></span> <span class='ocrx_word' id='word_1_883' title='bbox 3471 5209 3593 5250; x_wconf 79' lang='lat' dir='ltr'><strong>sunt</strong></span> <span class='ocrx_word' id='word_1_884' title='bbox 3640 5213 3670 5249; x_wconf 86' lang='lat' dir='ltr'><strong>a</strong></span> 
     </span>
    </p>
   </div>
   <div class='ocr_carea' id='block_1_128' title="bbox 2107 5267 3682 5337">
    <p class='ocr_par' dir='ltr' id='par_1_128' title="bbox 2107 5267 3682 5337">
     <span class='ocr_line' id='line_1_128' title="bbox 2107 5267 3682 5337; baseline -0.001 -16"><span class='ocrx_word' id='word_1_885' title='bbox 2107 5267 2162 5321; x_wconf 89' lang='lat' dir='ltr'><strong>S.</strong></span> <span class='ocrx_word' id='word_1_886' title='bbox 2194 5270 2358 5336; x_wconf 82' lang='lat' dir='ltr'><strong>Eligio</strong></span> <span class='ocrx_word' id='word_1_887' title='bbox 2387 5267 2658 5337; x_wconf 86' lang='lat' dir='ltr'><strong>episcopo.</strong></span> <span class='ocrx_word' id='word_1_888' title='bbox 2694 5270 2894 5337; x_wconf 81' lang='lat' dir='ltr'><strong>Eligius</strong></span> <span class='ocrx_word' id='word_1_889' title='bbox 2937 5272 3075 5322; x_wconf 90' lang='lat' dir='ltr'><strong>enim</strong></span> <span class='ocrx_word' id='word_1_890' title='bbox 3124 5285 3263 5323; x_wconf 91' lang='lat' dir='ltr'><strong>anno</strong></span> <span class='ocrx_word' id='word_1_891' title='bbox 3293 5270 3399 5323; x_wconf 81' lang='lat'><strong>665</strong></span> <span class='ocrx_word' id='word_1_892' title='bbox 3425 5270 3577 5331; x_wconf 88' lang='lat' dir='ltr'><strong>obiit,</strong></span> <span class='ocrx_word' id='word_1_893' title='bbox 3604 5269 3682 5321; x_wconf 90' lang='lat' dir='ltr'><strong>vi-</strong></span> 
     </span>
    </p>
   </div>
   <div class='ocr_carea' id='block_1_129' title="bbox 2103 5338 3676 5407">
    <p class='ocr_par' dir='ltr' id='par_1_129' title="bbox 2103 5338 3676 5407">
     <span class='ocr_line' id='line_1_129' title="bbox 2103 5338 3676 5407; baseline -0.001 -18"><span class='ocrx_word' id='word_1_894' title='bbox 2103 5339 2232 5405; x_wconf 85' lang='lat' dir='ltr'><strong>ginti</strong></span> <span class='ocrx_word' id='word_1_895' title='bbox 2267 5340 2433 5392; x_wconf 80' lang='lat' dir='ltr'><strong>ferme</strong></span> <span class='ocrx_word' id='word_1_896' title='bbox 2462 5354 2630 5393; x_wconf 88' lang='lat' dir='ltr'><strong>annos</strong></span> <span class='ocrx_word' id='word_1_897' title='bbox 2667 5348 2792 5393; x_wconf 88' lang='lat' dir='ltr'><strong>ante</strong></span> <span class='ocrx_word' id='word_1_898' title='bbox 2819 5340 2875 5393; x_wconf 88' lang='lat' dir='ltr'><strong>S.</strong></span> <span class='ocrx_word' id='word_1_899' title='bbox 2908 5338 3131 5394; x_wconf 87' lang='lat' dir='ltr'><strong>Amandi</strong></span> <span class='ocrx_word' id='word_1_900' title='bbox 3162 5340 3386 5403; x_wconf 89' lang='lat' dir='ltr'><strong>obitum,</strong></span> <span class='ocrx_word' id='word_1_901' title='bbox 3416 5340 3504 5407; x_wconf 88' lang='lat' dir='ltr'><strong>qui</strong></span> <span class='ocrx_word' id='word_1_902' title='bbox 3535 5353 3676 5389; x_wconf 82' lang='lat' dir='ltr'><strong>arino</strong></span> 
     </span>
    </p>
   </div>
   <div class='ocr_carea' id='block_1_130' title="bbox 2104 5408 3678 5479">
    <p class='ocr_par' dir='ltr' id='par_1_130' title="bbox 2104 5408 3678 5479">
     <span class='ocr_line' id='line_1_130' title="bbox 2104 5408 3678 5479; baseline 0.001 -21"><span class='ocrx_word' id='word_1_903' title='bbox 2104 5408 2206 5461; x_wconf 65' lang='grc' dir='ltr'><strong>ι)δῶ</strong></span> <span class='ocrx_word' id='word_1_904' title='bbox 2248 5410 2533 5462; x_wconf 80' lang='lat' dir='ltr'><strong>defunctus</strong></span> <span class='ocrx_word' id='word_1_905' title='bbox 2576 5418 2677 5462; x_wconf 81' lang='lat' dir='ltr'><strong>est.</strong></span> <span class='ocrx_word' id='word_1_906' title='bbox 2724 5412 2856 5463; x_wconf 87' lang='lat' dir='ltr'><strong>Cum</strong></span> <span class='ocrx_word' id='word_1_907' title='bbox 2888 5420 3062 5463; x_wconf 90' lang='lat' dir='ltr'><strong>autem</strong></span> <span class='ocrx_word' id='word_1_908' title='bbox 3093 5425 3286 5479; x_wconf 82' lang='lat' dir='ltr'><strong>corpus</strong></span> <span class='ocrx_word' id='word_1_909' title='bbox 3313 5409 3428 5477; x_wconf 85' lang='lat' dir='ltr'><strong>ejus</strong></span> <span class='ocrx_word' id='word_1_910' title='bbox 3462 5418 3578 5474; x_wconf 65' lang='lat' dir='ltr'><strong>post</strong></span> <span class='ocrx_word' id='word_1_911' title='bbox 3610 5408 3678 5462; x_wconf 75' lang='grc'><strong>16</strong></span> 
     </span>
    </p>
   </div>
   <div class='ocr_carea' id='block_1_131' title="bbox 2102 5478 3677 5544">
    <p class='ocr_par' dir='ltr' id='par_1_131' title="bbox 2102 5478 3677 5544">
     <span class='ocr_line' id='line_1_131' title="bbox 2102 5478 3677 5544; baseline 0.001 -16"><span class='ocrx_word' id='word_1_912' title='bbox 2102 5492 2270 5531; x_wconf 88' lang='lat' dir='ltr'><strong>annos</strong></span> <span class='ocrx_word' id='word_1_913' title='bbox 2299 5478 2559 5532; x_wconf 88' lang='lat' dir='ltr'><strong>elevatum</strong></span> <span class='ocrx_word' id='word_1_914' title='bbox 2590 5481 2678 5544; x_wconf 87' lang='lat' dir='ltr'><strong>sit,</strong></span> <span class='ocrx_word' id='word_1_915' title='bbox 2729 5496 2757 5533; x_wconf 86' lang='lat' dir='ltr'><strong>a</strong></span> <span class='ocrx_word' id='word_1_916' title='bbox 2786 5482 3048 5535; x_wconf 87' lang='lat' dir='ltr'><strong>Guidonio</strong></span> <span class='ocrx_word' id='word_1_917' title='bbox 3078 5494 3386 5534; x_wconf 86' lang='lat' dir='ltr'><strong>successore</strong></span> <span class='ocrx_word' id='word_1_918' title='bbox 3419 5478 3677 5532; x_wconf 84' lang='lat' dir='ltr'><strong>Mummo-</strong></span> 
     </span>
    </p>
   </div>
   <div class='ocr_carea' id='block_1_132' title="bbox 2104 5548 3675 5616">
    <p class='ocr_par' dir='ltr' id='par_1_132' title="bbox 2104 5548 3675 5616">
     <span class='ocr_line' id='line_1_132' title="bbox 2104 5548 3675 5616; baseline 0.001 -14"><span class='ocrx_word' id='word_1_919' title='bbox 2104 5548 2216 5616; x_wconf 87' lang='lat' dir='ltr'><strong>lini,</strong></span> <span class='ocrx_word' id='word_1_920' title='bbox 2253 5550 2330 5602; x_wconf 91' lang='lat' dir='ltr'><strong>vel</strong></span> <span class='ocrx_word' id='word_1_921' title='bbox 2372 5563 2400 5600; x_wconf 91' lang='lat' dir='ltr'><strong>a</strong></span> <span class='ocrx_word' id='word_1_922' title='bbox 2431 5549 2702 5616; x_wconf 87' lang='lat' dir='ltr'><strong>Gerulpbo</strong></span> <span class='ocrx_word' id='word_1_923' title='bbox 2730 5550 2975 5605; x_wconf 78' lang='lat' dir='ltr'><strong>Guidonii</strong></span> <span class='ocrx_word' id='word_1_924' title='bbox 2997 5565 3304 5605; x_wconf 85' lang='lat' dir='ltr'><strong>successore</strong></span> <span class='ocrx_word' id='word_1_925' title='bbox 3334 5551 3523 5603; x_wconf 78' lang='lat' dir='ltr'><strong>factum</strong></span> <span class='ocrx_word' id='word_1_926' title='bbox 3550 5564 3675 5603; x_wconf 85' lang='lat' dir='ltr'><strong>essu</strong></span> 
     </span>
    </p>
   </div>
   <div class='ocr_carea' id='block_1_133' title="bbox 2103 5619 3676 5676">
    <p class='ocr_par' dir='ltr' id='par_1_133' title="bbox 2103 5619 3676 5676">
     <span class='ocr_line' id='line_1_133' title="bbox 2103 5619 3676 5676; baseline 0 -5"><span class='ocrx_word' id='word_1_927' title='bbox 2103 5620 2502 5675; x_wconf 87' lang='lat' dir='ltr'><strong>translationem</strong></span> <span class='ocrx_word' id='word_1_928' title='bbox 2534 5622 2669 5674; x_wconf 86' lang='lat' dir='ltr'><strong>hanc</strong></span> <span class='ocrx_word' id='word_1_929' title='bbox 2702 5625 2877 5676; x_wconf 81' lang='lat' dir='ltr'><strong>verius</strong></span> <span class='ocrx_word' id='word_1_930' title='bbox 2903 5620 3182 5675; x_wconf 89' lang='lat' dir='ltr'><strong>dicendum</strong></span> <span class='ocrx_word' id='word_1_931' title='bbox 3213 5632 3314 5675; x_wconf 82' lang='lat' dir='ltr'><strong>est.</strong></span> <span class='ocrx_word' id='word_1_932' title='bbox 3351 5622 3518 5672; x_wconf 79' lang='lat' dir='ltr'><strong>Etiam</strong></span> <span class='ocrx_word' id='word_1_933' title='bbox 3548 5619 3676 5672; x_wconf 68' lang='lat' dir='ltr'><strong>Trao</strong></span> 
     </span>
    </p>
   </div>
   <div class='ocr_carea' id='block_1_134' title="bbox 2100 5691 3676 5758">
    <p class='ocr_par' dir='ltr' id='par_1_134' title="bbox 2100 5691 3676 5758">
     <span class='ocr_line' id='line_1_134' title="bbox 2100 5691 3676 5758; baseline -0.001 -13"><span class='ocrx_word' id='word_1_934' title='bbox 2100 5693 2225 5758; x_wconf 90' lang='lat' dir='ltr'><strong>jecti</strong></span> <span class='ocrx_word' id='word_1_935' title='bbox 2253 5691 2551 5744; x_wconf 86' lang='lat' dir='ltr'><strong>celebratur</strong></span> <span class='ocrx_word' id='word_1_936' title='bbox 2591 5693 2648 5747; x_wconf 76' lang='grc' dir='ltr'>ὃ.</span> <span class='ocrx_word' id='word_1_937' title='bbox 2677 5694 2897 5747; x_wconf 87' lang='lat' dir='ltr'><strong>Amandi</strong></span> <span class='ocrx_word' id='word_1_938' title='bbox 2924 5692 3209 5746; x_wconf 86' lang='lat' dir='ltr'><strong>ordinatio.</strong></span> <span class='ocrx_word' id='word_1_939' title='bbox 3254 5692 3460 5746; x_wconf 68' lang='lat' dir='ltr'><strong>Momm</strong></span> <span class='ocrx_word' id='word_1_940' title='bbox 3490 5691 3676 5745; x_wconf 84' lang='lat' dir='ltr'><strong>Addit.</strong></span> 
     </span>
    </p>
   </div>
   <div class='ocr_carea' id='block_1_135' title="bbox 2105 5762 2515 5819">
    <p class='ocr_par' dir='ltr' id='par_1_135' title="bbox 2105 5762 2515 5819">
     <span class='ocr_line' id='line_1_135' title="bbox 2105 5762 2515 5819; baseline -0.005 -2"><span class='ocrx_word' id='word_1_941' title='bbox 2105 5764 2169 5818; x_wconf 89' lang='lat' dir='ltr'><strong>ad</strong></span> <span class='ocrx_word' id='word_1_942' title='bbox 2202 5762 2515 5819; x_wconf 82' lang='lat' dir='ltr'><strong>Usuardurn.</strong></span> 
     </span>
    </p>
   </div>
  </div>
