  <div class='ocr_page' id='page_1' title='image "/cluster/home/n/w/nwhite01/storage/ocr_20150623/94/hvd.32044054759659/547.png"; bbox 0 0 4054 6190; ppageno 0'>
   <div class='ocr_carea' id='block_1_1' title="bbox 412 247 547 303">
    <p class='ocr_par' dir='ltr' id='par_1_1' title="bbox 412 247 547 303">
     <span class='ocr_line' id='line_1_1' title="bbox 412 247 547 303; baseline 0.007 -1"><span class='ocrx_word' id='word_1_1' title='bbox 412 247 547 303; x_wconf 67' lang='grc'><strong>’1085</strong></span> 
     </span>
    </p>
   </div>
   <div class='ocr_carea' id='block_1_2' title="bbox 1148 234 2882 296">
    <p class='ocr_par' dir='ltr' id='par_1_2' title="bbox 1148 234 2882 296">
     <span class='ocr_line' id='line_1_2' title="bbox 1148 234 2882 296; baseline -0.001 -2"><span class='ocrx_word' id='word_1_2' title='bbox 1148 239 1343 296; x_wconf 66' lang='grc' dir='ltr'><strong>ΒΕΒίΕ</strong></span> <span class='ocrx_word' id='word_1_3' title='bbox 1387 239 1827 295; x_wconf 75' lang='lat' dir='ltr'><strong>VENERABIUS</strong></span> <span class='ocrx_word' id='word_1_4' title='bbox 1865 237 2013 293; x_wconf 83' lang='lat' dir='ltr'><strong>OPP.</strong></span> <span class='ocrx_word' id='word_1_5' title='bbox 2056 235 2232 291; x_wconf 72' lang='lat' dir='ltr'><strong>PARS</strong></span> <span class='ocrx_word' id='word_1_6' title='bbox 2267 234 2351 290; x_wconf 70' lang='grc' dir='ltr'><strong>ιν.</strong></span> <span class='ocrx_word' id='word_1_7' title='bbox 2395 268 2461 278; x_wconf 93' lang='grc'><strong><em>-</em></strong></span> <span class='ocrx_word' id='word_1_8' title='bbox 2500 237 2882 294; x_wconf 76' lang='lat' dir='ltr'><strong>IIISTORICA.</strong></span> 
     </span>
    </p>
   </div>
   <div class='ocr_carea' id='block_1_3' title="bbox 3514 239 3650 291">
    <p class='ocr_par' dir='ltr' id='par_1_3' title="bbox 3514 239 3650 291">
     <span class='ocr_line' id='line_1_3' title="bbox 3514 239 3650 291; baseline 0 0"><span class='ocrx_word' id='word_1_9' title='bbox 3514 239 3650 291; x_wconf 64' lang='grc' dir='ltr'><strong>ωδε</strong></span> 
     </span>
    </p>
   </div>
   <div class='ocr_carea' id='block_1_4' title="bbox 1639 345 2359 401">
    <p class='ocr_par' dir='ltr' id='par_1_4' title="bbox 1639 345 2359 401">
     <span class='ocr_line' id='line_1_4' title="bbox 1639 345 2359 401; baseline -0.003 0"><span class='ocrx_word' id='word_1_10' title='bbox 1639 347 1785 401; x_wconf 83' lang='lat' dir='ltr'><strong>Elll&#39;l</strong></span> <span class='ocrx_word' id='word_1_11' title='bbox 1803 348 1863 400; x_wconf 89' lang='grc'>10</span> <span class='ocrx_word' id='word_1_12' title='bbox 1902 345 2359 400; x_wconf 86' lang='lat' dir='ltr'><strong>COLONIENSIS.</strong></span> 
     </span>
    </p>
   </div>
   <div class='ocr_carea' id='block_1_5' title="bbox 409 436 3650 516">
    <p class='ocr_par' dir='ltr' id='par_1_5' title="bbox 409 436 3650 516">
     <span class='ocr_line' id='line_1_5' title="bbox 409 436 3650 516; baseline -0.002 -17"><span class='ocrx_word' id='word_1_13' title='bbox 409 444 660 516; x_wconf 87' lang='lat' dir='ltr'><strong>martyrio</strong></span> <span class='ocrx_word' id='word_1_14' title='bbox 688 450 808 496; x_wconf 91' lang='lat' dir='ltr'><strong>sunt</strong></span> <span class='ocrx_word' id='word_1_15' title='bbox 851 440 1107 496; x_wconf 74' lang='lat' dir='ltr'><strong>coronati.</strong></span> <span class='ocrx_word' id='word_1_16' title='bbox 1149 440 1341 494; x_wconf 78' lang='lat' dir='ltr'><strong>Scribit</strong></span> <span class='ocrx_word' id='word_1_17' title='bbox 1382 441 1566 495; x_wconf 77' lang='lat' dir='ltr'><strong>beatus</strong></span> <span class='ocrx_word' id='word_1_18' title='bbox 1604 438 1895 509; x_wconf 87' lang='lat' dir='ltr'><strong>Cyprianus</strong></span> <span class='ocrx_word' id='word_1_19' title='bbox 1923 438 1973 490; x_wconf 91' lang='lat' dir='ltr'><strong>in</strong></span> <span class='ocrx_word' id='word_1_20' title='bbox 2006 439 2055 496; x_wconf 86' lang='grc' dir='ltr'>Λ</span> <span class='ocrx_word' id='word_1_21' title='bbox 2083 446 2134 489; x_wconf 88' lang='lat' dir='ltr'><strong>et</strong></span> <span class='ocrx_word' id='word_1_22' title='bbox 2164 444 2367 505; x_wconf 87' lang='lat' dir='ltr'><strong>septem</strong></span> <span class='ocrx_word' id='word_1_23' title='bbox 2415 436 2675 490; x_wconf 81' lang='lat' dir='ltr'><strong>ordinavit</strong></span> <span class='ocrx_word' id='word_1_24' title='bbox 2708 436 2983 503; x_wconf 85' lang='lat' dir='ltr'><strong>diaconos,</strong></span> <span class='ocrx_word' id='word_1_25' title='bbox 3027 436 3113 504; x_wconf 88' lang='lat' dir='ltr'><strong>qui</strong></span> <span class='ocrx_word' id='word_1_26' title='bbox 3162 436 3499 491; x_wconf 85' lang='lat' dir='ltr'><strong>custodirent</strong></span> <span class='ocrx_word' id='word_1_27' title='bbox 3534 440 3650 507; x_wconf 84' lang='lat' dir='ltr'><strong>epi-</strong></span> 
     </span>
    </p>
   </div>
   <div class='ocr_carea' id='block_1_6' title="bbox 404 525 1976 600">
    <p class='ocr_par' dir='ltr' id='par_1_6' title="bbox 404 525 1976 600">
     <span class='ocr_line' id='line_1_6' title="bbox 404 525 1976 600; baseline -0.004 -15"><span class='ocrx_word' id='word_1_28' title='bbox 404 532 627 600; x_wconf 87' lang='lat' dir='ltr'><strong>epistola</strong></span> <span class='ocrx_word' id='word_1_29' title='bbox 650 531 714 585; x_wconf 89' lang='lat' dir='ltr'><strong>ad</strong></span> <span class='ocrx_word' id='word_1_30' title='bbox 737 529 1094 593; x_wconf 76' lang='lat' dir='ltr'><strong>confessores,</strong></span> <span class='ocrx_word' id='word_1_31' title='bbox 1123 528 1203 581; x_wconf 88' lang='lat' dir='ltr'><strong>his</strong></span> <span class='ocrx_word' id='word_1_32' title='bbox 1227 525 1400 580; x_wconf 84' lang='lat' dir='ltr'><strong>verbis</strong></span> <span class='ocrx_word' id='word_1_33' title='bbox 1426 543 1438 578; x_wconf 91' lang='lat'><strong>:</strong></span> <span class='ocrx_word' id='word_1_34' title='bbox 1466 526 1534 581; x_wconf 87' lang='lat' dir='ltr'><strong>Ut</strong></span> <span class='ocrx_word' id='word_1_35' title='bbox 1556 526 1871 593; x_wconf 89' lang='lat' dir='ltr'><strong>sequamini,</strong></span> <span class='ocrx_word' id='word_1_36' title='bbox 1898 528 1976 579; x_wconf 87' lang='lat' dir='ltr'><strong>in-</strong></span> 
     </span>
    </p>
   </div>
   <div class='ocr_carea' id='block_1_7' title="bbox 409 618 1975 694">
    <p class='ocr_par' dir='ltr' id='par_1_7' title="bbox 409 618 1975 694">
     <span class='ocr_line' id='line_1_7' title="bbox 409 618 1975 694; baseline -0.004 -16"><span class='ocrx_word' id='word_1_37' title='bbox 409 624 543 694; x_wconf 80' lang='lat' dir='ltr'><strong>quit,</strong></span> <span class='ocrx_word' id='word_1_38' title='bbox 566 624 619 678; x_wconf 92' lang='lat' dir='ltr'><strong>in</strong></span> <span class='ocrx_word' id='word_1_39' title='bbox 651 622 895 677; x_wconf 88' lang='lat' dir='ltr'><strong>omnibus</strong></span> <span class='ocrx_word' id='word_1_40' title='bbox 925 618 1268 689; x_wconf 81' lang='lat' dir='ltr'><strong>Rogatianum</strong></span> <span class='ocrx_word' id='word_1_41' title='bbox 1298 618 1663 689; x_wconf 82' lang='lat' dir='ltr'><strong>presbyterum</strong></span> <span class='ocrx_word' id='word_1_42' title='bbox 1691 618 1975 688; x_wconf 80' lang='lat' dir='ltr'><strong>gloriosum</strong></span> 
     </span>
    </p>
   </div>
   <div class='ocr_carea' id='block_1_8' title="bbox 408 709 1966 781">
    <p class='ocr_par' dir='ltr' id='par_1_8' title="bbox 408 709 1966 781">
     <span class='ocr_line' id='line_1_8' title="bbox 408 709 1966 781; baseline -0.004 -12"><span class='ocrx_word' id='word_1_43' title='bbox 408 730 618 780; x_wconf 88' lang='lat' dir='ltr'><strong>senem,</strong></span> <span class='ocrx_word' id='word_1_44' title='bbox 649 715 787 768; x_wconf 90' lang='lat' dir='ltr'><strong>viam</strong></span> <span class='ocrx_word' id='word_1_45' title='bbox 820 714 969 768; x_wconf 82' lang='lat' dir='ltr'><strong>vobis</strong></span> <span class='ocrx_word' id='word_1_46' title='bbox 1006 712 1069 765; x_wconf 89' lang='lat' dir='ltr'><strong>ad</strong></span> <span class='ocrx_word' id='word_1_47' title='bbox 1110 709 1329 781; x_wconf 81' lang='lat' dir='ltr'><strong>gloriam</strong></span> <span class='ocrx_word' id='word_1_48' title='bbox 1362 710 1526 764; x_wconf 80' lang='lat' dir='ltr'><strong>nostri</strong></span> <span class='ocrx_word' id='word_1_49' title='bbox 1569 710 1825 778; x_wconf 88' lang='lat' dir='ltr'><strong>temporis</strong></span> <span class='ocrx_word' id='word_1_50' title='bbox 1851 710 1966 764; x_wconf 82' lang='lat' dir='ltr'><strong>reli-</strong></span> 
     </span>
    </p>
   </div>
   <div class='ocr_carea' id='block_1_9' title="bbox 408 798 1979 872">
    <p class='ocr_par' dir='ltr' id='par_1_9' title="bbox 408 798 1979 872">
     <span class='ocr_line' id='line_1_9' title="bbox 408 798 1979 872; baseline -0.004 -12"><span class='ocrx_word' id='word_1_51' title='bbox 408 807 552 872; x_wconf 73' lang='lat' dir='ltr'><strong>giosa</strong></span> <span class='ocrx_word' id='word_1_52' title='bbox 605 805 814 868; x_wconf 91' lang='lat' dir='ltr'><strong>virtute,</strong></span> <span class='ocrx_word' id='word_1_53' title='bbox 869 812 923 857; x_wconf 88' lang='lat' dir='ltr'><strong>et</strong></span> <span class='ocrx_word' id='word_1_54' title='bbox 967 802 1139 855; x_wconf 90' lang='lat' dir='ltr'><strong>divina</strong></span> <span class='ocrx_word' id='word_1_55' title='bbox 1180 800 1483 870; x_wconf 84' lang='lat' dir='ltr'><strong>dignatione</strong></span> <span class='ocrx_word' id='word_1_56' title='bbox 1524 799 1841 862; x_wconf 71' lang='lat' dir='ltr'><strong>facientem;</strong></span> <span class='ocrx_word' id='word_1_57' title='bbox 1889 798 1979 866; x_wconf 90' lang='lat' dir='ltr'><strong>qui</strong></span> 
     </span>
    </p>
   </div>
   <div class='ocr_carea' id='block_1_10' title="bbox 408 889 1978 958">
    <p class='ocr_par' dir='ltr' id='par_1_10' title="bbox 408 889 1978 958">
     <span class='ocr_line' id='line_1_10' title="bbox 408 889 1978 958; baseline -0.004 -11"><span class='ocrx_word' id='word_1_58' title='bbox 408 909 528 948; x_wconf 92' lang='lat' dir='ltr'><strong>cum</strong></span> <span class='ocrx_word' id='word_1_59' title='bbox 559 892 889 948; x_wconf 85' lang='lat' dir='ltr'><strong>Felicissimo</strong></span> <span class='ocrx_word' id='word_1_60' title='bbox 943 893 1106 945; x_wconf 78' lang='lat' dir='ltr'><strong>fratre</strong></span> <span class='ocrx_word' id='word_1_61' title='bbox 1144 899 1326 944; x_wconf 90' lang='lat' dir='ltr'><strong>nostro</strong></span> <span class='ocrx_word' id='word_1_62' title='bbox 1355 889 1533 957; x_wconf 91' lang='lat' dir='ltr'><strong>quieto</strong></span> <span class='ocrx_word' id='word_1_63' title='bbox 1582 904 1794 958; x_wconf 85' lang='lat' dir='ltr'><strong>semper</strong></span> <span class='ocrx_word' id='word_1_64' title='bbox 1818 898 1870 942; x_wconf 92' lang='lat' dir='ltr'><strong>et</strong></span> <span class='ocrx_word' id='word_1_65' title='bbox 1892 903 1978 941; x_wconf 94' lang='lat' dir='ltr'><strong>so-</strong></span> 
     </span>
    </p>
   </div>
   <div class='ocr_carea' id='block_1_11' title="bbox 414 978 1976 1051">
    <p class='ocr_par' dir='ltr' id='par_1_11' title="bbox 414 978 1976 1051">
     <span class='ocr_line' id='line_1_11' title="bbox 414 978 1976 1051; baseline -0.003 -17"><span class='ocrx_word' id='word_1_66' title='bbox 414 983 528 1037; x_wconf 92' lang='lat' dir='ltr'><strong>brio</strong></span> <span class='ocrx_word' id='word_1_67' title='bbox 555 982 823 1051; x_wconf 82' lang='lat' dir='ltr'><strong>excipiens</strong></span> <span class='ocrx_word' id='word_1_68' title='bbox 872 979 1171 1035; x_wconf 69' lang='lat' dir='ltr'><strong>ferocientis</strong></span> <span class='ocrx_word' id='word_1_69' title='bbox 1216 980 1390 1047; x_wconf 86' lang='lat' dir='ltr'><strong>populi</strong></span> <span class='ocrx_word' id='word_1_70' title='bbox 1432 978 1710 1045; x_wconf 88' lang='lat' dir='ltr'><strong>impetum,</strong></span> <span class='ocrx_word' id='word_1_71' title='bbox 1751 978 1976 1046; x_wconf 89' lang='lat' dir='ltr'><strong>primum</strong></span> 
     </span>
    </p>
   </div>
   <div class='ocr_carea' id='block_1_12' title="bbox 412 1070 1981 1140">
    <p class='ocr_par' dir='ltr' id='par_1_12' title="bbox 412 1070 1981 1140">
     <span class='ocr_line' id='line_1_12' title="bbox 412 1070 1981 1140; baseline -0.001 -17"><span class='ocrx_word' id='word_1_72' title='bbox 412 1070 699 1140; x_wconf 88' lang='lat' dir='ltr'><strong>hospitium</strong></span> <span class='ocrx_word' id='word_1_73' title='bbox 749 1070 894 1124; x_wconf 83' lang='lat' dir='ltr'><strong>vobis</strong></span> <span class='ocrx_word' id='word_1_74' title='bbox 935 1070 987 1123; x_wconf 92' lang='lat' dir='ltr'><strong>in</strong></span> <span class='ocrx_word' id='word_1_75' title='bbox 1036 1084 1249 1123; x_wconf 86' lang='lat' dir='ltr'><strong>carcere</strong></span> <span class='ocrx_word' id='word_1_76' title='bbox 1280 1070 1614 1137; x_wconf 82' lang='lat' dir='ltr'><strong>praeparavit,</strong></span> <span class='ocrx_word' id='word_1_77' title='bbox 1657 1075 1711 1121; x_wconf 91' lang='lat' dir='ltr'><strong>et</strong></span> <span class='ocrx_word' id='word_1_78' title='bbox 1756 1077 1981 1121; x_wconf 86' lang='lat' dir='ltr'><strong>metator</strong></span> 
     </span>
    </p>
   </div>
   <div class='ocr_carea' id='block_1_13' title="bbox 411 1158 1978 1237">
    <p class='ocr_par' dir='ltr' id='par_1_13' title="bbox 411 1158 1978 1237">
     <span class='ocr_line' id='line_1_13' title="bbox 411 1158 1978 1237; baseline -0.001 -24"><span class='ocrx_word' id='word_1_79' title='bbox 411 1159 797 1229; x_wconf 87' lang='lat' dir='ltr'><strong>quodammodo</strong></span> <span class='ocrx_word' id='word_1_80' title='bbox 826 1169 1023 1225; x_wconf 85' lang='lat' dir='ltr'><strong>vester,</strong></span> <span class='ocrx_word' id='word_1_81' title='bbox 1056 1174 1197 1213; x_wconf 91' lang='lat' dir='ltr'><strong>nunc</strong></span> <span class='ocrx_word' id='word_1_82' title='bbox 1225 1173 1433 1227; x_wconf 89' lang='lat' dir='ltr'><strong>quoque</strong></span> <span class='ocrx_word' id='word_1_83' title='bbox 1475 1172 1569 1237; x_wconf 82' lang='lat' dir='ltr'><strong>vos</strong></span> <span class='ocrx_word' id='word_1_84' title='bbox 1607 1158 1890 1213; x_wconf 86' lang='lat' dir='ltr'><strong>antecedit.</strong></span> <span class='ocrx_word' id='word_1_85' title='bbox 1923 1158 1978 1212; x_wconf 88' lang='lat' dir='ltr'><strong>ln</strong></span> 
     </span>
    </p>
   </div>
   <div class='ocr_carea' id='block_1_14' title="bbox 411 1246 1983 1312">
    <p class='ocr_par' dir='ltr' id='par_1_14' title="bbox 411 1246 1983 1312">
     <span class='ocr_line' id='line_1_14' title="bbox 411 1246 1983 1312; baseline -0.002 -8"><span class='ocrx_word' id='word_1_86' title='bbox 411 1250 714 1304; x_wconf 80' lang='lat' dir='ltr'><strong>Nicomedia</strong></span> <span class='ocrx_word' id='word_1_87' title='bbox 762 1250 933 1303; x_wconf 80' lang='lat' dir='ltr'><strong>natale</strong></span> <span class='ocrx_word' id='word_1_88' title='bbox 984 1249 1199 1303; x_wconf 90' lang='lat' dir='ltr'><strong>Luciani</strong></span> <span class='ocrx_word' id='word_1_89' title='bbox 1250 1257 1304 1301; x_wconf 90' lang='lat' dir='ltr'><strong>et</strong></span> <span class='ocrx_word' id='word_1_90' title='bbox 1356 1246 1539 1312; x_wconf 88' lang='lat' dir='ltr'><strong>Filori,</strong></span> <span class='ocrx_word' id='word_1_91' title='bbox 1596 1248 1887 1303; x_wconf 69' lang='lat' dir='ltr'><strong>Heraclida:</strong></span> <span class='ocrx_word' id='word_1_92' title='bbox 1928 1260 1983 1303; x_wconf 88' lang='lat' dir='ltr'><strong>et</strong></span> 
     </span>
    </p>
   </div>
   <div class='ocr_carea' id='block_1_15' title="bbox 411 1338 1842 1395">
    <p class='ocr_par' dir='ltr' id='par_1_15' title="bbox 411 1338 1842 1395">
     <span class='ocr_line' id='line_1_15' title="bbox 411 1338 1842 1395; baseline -0.002 0"><span class='ocrx_word' id='word_1_93' title='bbox 411 1342 682 1395; x_wconf 81' lang='lat' dir='ltr'><strong>Martialis.</strong></span> <span class='ocrx_word' id='word_1_94' title='bbox 709 1342 905 1395; x_wconf 86' lang='lat' dir='ltr'><strong>Eodem</strong></span> <span class='ocrx_word' id='word_1_95' title='bbox 936 1341 1024 1394; x_wconf 90' lang='lat' dir='ltr'><strong>die</strong></span> <span class='ocrx_word' id='word_1_96' title='bbox 1053 1340 1218 1393; x_wconf 90' lang='lat' dir='ltr'><strong>sancti</strong></span> <span class='ocrx_word' id='word_1_97' title='bbox 1249 1338 1473 1392; x_wconf 82' lang='lat' dir='ltr'><strong>Amandi</strong></span> <span class='ocrx_word' id='word_1_98' title='bbox 1496 1338 1842 1393; x_wconf 73' lang='lat' dir='ltr'><strong>confessoris:</strong></span> 
     </span>
    </p>
   </div>
   <div class='ocr_carea' id='block_1_16' title="bbox 395 1427 1986 1494">
    <p class='ocr_par' dir='ltr' id='par_1_16' title="bbox 395 1427 1986 1494">
     <span class='ocr_line' id='line_1_16' title="bbox 395 1427 1986 1494; baseline -0.003 -7"><span class='ocrx_word' id='word_1_99' title='bbox 395 1436 398 1439; x_wconf 39' lang='grc' dir='ltr'>λ</span> <span class='ocrx_word' id='word_1_100' title='bbox 480 1431 543 1487; x_wconf 86' lang='lat' dir='ltr'><strong>F.</strong></span> <span class='ocrx_word' id='word_1_101' title='bbox 587 1431 648 1482; x_wconf 88' lang='lat' dir='ltr'><strong>Vl</strong></span> <span class='ocrx_word' id='word_1_102' title='bbox 691 1430 928 1484; x_wconf 66' lang='lat' dir='ltr'><strong>Kawxn.</strong></span> <span class='ocrx_word' id='word_1_103' title='bbox 970 1430 1205 1482; x_wconf 77' lang='lat' dir='ltr'><strong>Novum.</strong></span> <span class='ocrx_word' id='word_1_104' title='bbox 1237 1457 1303 1468; x_wconf 86' lang='lat'><strong><em>——</em></strong></span> <span class='ocrx_word' id='word_1_105' title='bbox 1333 1429 1386 1483; x_wconf 87' lang='lat' dir='ltr'><strong>In</strong></span> <span class='ocrx_word' id='word_1_106' title='bbox 1420 1427 1684 1494; x_wconf 88' lang='lat' dir='ltr'><strong>Hispaniis</strong></span> <span class='ocrx_word' id='word_1_107' title='bbox 1712 1427 1879 1481; x_wconf 83' lang='lat' dir='ltr'><strong>Abula</strong></span> <span class='ocrx_word' id='word_1_108' title='bbox 1911 1428 1986 1482; x_wconf 83' lang='lat' dir='ltr'><strong>ci-</strong></span> 
     </span>
    </p>
   </div>
   <div class='ocr_carea' id='block_1_17' title="bbox 410 1519 1981 1584">
    <p class='ocr_par' dir='ltr' id='par_1_17' title="bbox 410 1519 1981 1584">
     <span class='ocr_line' id='line_1_17' title="bbox 410 1519 1981 1584; baseline -0.001 -9"><span class='ocrx_word' id='word_1_109' title='bbox 410 1524 573 1578; x_wconf 81' lang='lat' dir='ltr'><strong>vitate</strong></span> <span class='ocrx_word' id='word_1_110' title='bbox 604 1524 779 1576; x_wconf 86' lang='lat' dir='ltr'><strong>natale</strong></span> <span class='ocrx_word' id='word_1_111' title='bbox 825 1530 1127 1575; x_wconf 91' lang='lat' dir='ltr'><strong>sanctorum</strong></span> <span class='ocrx_word' id='word_1_112' title='bbox 1165 1520 1461 1584; x_wconf 89' lang='lat' dir='ltr'><strong>Vincentii,</strong></span> <span class='ocrx_word' id='word_1_113' title='bbox 1500 1519 1711 1574; x_wconf 76' lang='lat' dir='ltr'><strong>Sabina:</strong></span> <span class='ocrx_word' id='word_1_114' title='bbox 1767 1528 1822 1573; x_wconf 90' lang='lat' dir='ltr'><strong>et</strong></span> <span class='ocrx_word' id='word_1_115' title='bbox 1862 1519 1981 1574; x_wconf 88' lang='lat' dir='ltr'><strong>Cri-</strong></span> 
     </span>
    </p>
   </div>
   <div class='ocr_carea' id='block_1_18' title="bbox 410 1609 1986 1682">
    <p class='ocr_par' dir='ltr' id='par_1_18' title="bbox 410 1609 1986 1682">
     <span class='ocr_line' id='line_1_18' title="bbox 410 1609 1986 1682; baseline -0.004 -13"><span class='ocrx_word' id='word_1_116' title='bbox 410 1624 623 1678; x_wconf 89' lang='lat' dir='ltr'><strong>stestes,</strong></span> <span class='ocrx_word' id='word_1_117' title='bbox 658 1615 743 1682; x_wconf 90' lang='lat' dir='ltr'><strong>qui</strong></span> <span class='ocrx_word' id='word_1_118' title='bbox 778 1614 946 1682; x_wconf 93' lang='lat' dir='ltr'><strong>primo</strong></span> <span class='ocrx_word' id='word_1_119' title='bbox 992 1612 1125 1666; x_wconf 90' lang='lat' dir='ltr'><strong>adeo</strong></span> <span class='ocrx_word' id='word_1_120' title='bbox 1166 1612 1215 1664; x_wconf 93' lang='lat' dir='ltr'><strong>in</strong></span> <span class='ocrx_word' id='word_1_121' title='bbox 1246 1609 1474 1679; x_wconf 91' lang='lat' dir='ltr'><strong>equuleo</strong></span> <span class='ocrx_word' id='word_1_122' title='bbox 1501 1619 1623 1663; x_wconf 89' lang='lat' dir='ltr'><strong>sunt</strong></span> <span class='ocrx_word' id='word_1_123' title='bbox 1652 1610 1883 1675; x_wconf 76' lang='lat' dir='ltr'><strong>extenti,</strong></span> <span class='ocrx_word' id='word_1_124' title='bbox 1931 1619 1986 1662; x_wconf 93' lang='lat' dir='ltr'><strong>ut</strong></span> 
     </span>
    </p>
   </div>
   <div class='ocr_carea' id='block_1_19' title="bbox 414 1700 1982 1774">
    <p class='ocr_par' dir='ltr' id='par_1_19' title="bbox 414 1700 1982 1774">
     <span class='ocr_line' id='line_1_19' title="bbox 414 1700 1982 1774; baseline -0.003 -15"><span class='ocrx_word' id='word_1_125' title='bbox 414 1721 603 1761; x_wconf 89' lang='lat' dir='ltr'><strong>omnes</strong></span> <span class='ocrx_word' id='word_1_126' title='bbox 652 1719 937 1774; x_wconf 78' lang='lat' dir='ltr'><strong>compages</strong></span> <span class='ocrx_word' id='word_1_127' title='bbox 987 1702 1347 1758; x_wconf 90' lang='lat' dir='ltr'><strong>membrorum</strong></span> <span class='ocrx_word' id='word_1_128' title='bbox 1401 1716 1584 1756; x_wconf 91' lang='lat' dir='ltr'><strong>eorum</strong></span> <span class='ocrx_word' id='word_1_129' title='bbox 1645 1700 1982 1765; x_wconf 81' lang='lat' dir='ltr'><strong>laxarentur;</strong></span> 
     </span>
    </p>
   </div>
   <div class='ocr_carea' id='block_1_20' title="bbox 2080 525 3648 597">
    <p class='ocr_par' dir='ltr' id='par_1_20' title="bbox 2080 525 3648 597">
     <span class='ocr_line' id='line_1_20' title="bbox 2080 525 3648 597; baseline 0.003 -19"><span class='ocrx_word' id='word_1_130' title='bbox 2080 539 2299 592; x_wconf 81' lang='lat' dir='ltr'><strong>scopum</strong></span> <span class='ocrx_word' id='word_1_131' title='bbox 2326 525 2721 594; x_wconf 85' lang='lat' dir='ltr'><strong>praedicantem.</strong></span> <span class='ocrx_word' id='word_1_132' title='bbox 2748 527 2815 580; x_wconf 87' lang='lat' dir='ltr'><strong>Et</strong></span> <span class='ocrx_word' id='word_1_133' title='bbox 2836 528 3008 597; x_wconf 75' lang='lat' dir='ltr'><strong>vigilia</strong></span> <span class='ocrx_word' id='word_1_134' title='bbox 3036 528 3395 595; x_wconf 87' lang='lat' dir='ltr'><strong>apostolorum</strong></span> <span class='ocrx_word' id='word_1_135' title='bbox 3417 527 3648 583; x_wconf 87' lang='lat' dir='ltr'><strong>Simonis</strong></span> 
     </span>
    </p>
   </div>
   <div class='ocr_carea' id='block_1_21' title="bbox 2077 614 2327 671">
    <p class='ocr_par' dir='ltr' id='par_1_21' title="bbox 2077 614 2327 671">
     <span class='ocr_line' id='line_1_21' title="bbox 2077 614 2327 671; baseline -0.008 0"><span class='ocrx_word' id='word_1_136' title='bbox 2077 626 2131 671; x_wconf 90' lang='lat' dir='ltr'><strong>et</strong></span> <span class='ocrx_word' id='word_1_137' title='bbox 2158 614 2327 670; x_wconf 73' lang='lat' dir='ltr'><strong>Judac.</strong></span> 
     </span>
    </p>
   </div>
   <div class='ocr_carea' id='block_1_22' title="bbox 2151 706 3650 777">
    <p class='ocr_par' dir='ltr' id='par_1_22' title="bbox 2151 706 3650 777">
     <span class='ocr_line' id='line_1_22' title="bbox 2151 706 3650 777; baseline -0.001 -14"><span class='ocrx_word' id='word_1_138' title='bbox 2151 707 2215 763; x_wconf 89' lang='lat' dir='ltr'><strong>G.</strong></span> <span class='ocrx_word' id='word_1_139' title='bbox 2257 709 2298 763; x_wconf 92' lang='lat' dir='ltr'><strong>V</strong></span> <span class='ocrx_word' id='word_1_140' title='bbox 2337 706 2579 764; x_wconf 67' lang='lat' dir='ltr'><strong>Kaneuu.</strong></span> <span class='ocrx_word' id='word_1_141' title='bbox 2620 708 2951 764; x_wconf 73' lang='lat' dir='ltr'><strong>NOVEHB.—</strong></span> <span class='ocrx_word' id='word_1_142' title='bbox 2976 708 3161 764; x_wconf 86' lang='lat' dir='ltr'><strong>Natale</strong></span> <span class='ocrx_word' id='word_1_143' title='bbox 3192 718 3494 763; x_wconf 86' lang='lat' dir='ltr'><strong>sanctorum</strong></span> <span class='ocrx_word' id='word_1_144' title='bbox 3526 724 3650 777; x_wconf 85' lang='lat' dir='ltr'><strong>apo-</strong></span> 
     </span>
    </p>
   </div>
   <div class='ocr_carea' id='block_1_23' title="bbox 2079 798 3621 867">
    <p class='ocr_par' dir='ltr' id='par_1_23' title="bbox 2079 798 3621 867">
     <span class='ocr_line' id='line_1_23' title="bbox 2079 798 3621 867; baseline -0.002 -13"><span class='ocrx_word' id='word_1_145' title='bbox 2079 800 2356 864; x_wconf 88' lang='lat' dir='ltr'><strong>stolorum,</strong></span> <span class='ocrx_word' id='word_1_146' title='bbox 2389 801 2622 855; x_wconf 89' lang='lat' dir='ltr'><strong>Simonis</strong></span> <span class='ocrx_word' id='word_1_147' title='bbox 2658 798 2965 865; x_wconf 74' lang='lat' dir='ltr'><strong>Chananzei,</strong></span> <span class='ocrx_word' id='word_1_148' title='bbox 3028 801 3115 867; x_wconf 91' lang='lat' dir='ltr'><strong>qui</strong></span> <span class='ocrx_word' id='word_1_149' title='bbox 3144 809 3199 853; x_wconf 92' lang='lat' dir='ltr'><strong>et</strong></span> <span class='ocrx_word' id='word_1_150' title='bbox 3227 800 3434 853; x_wconf 89' lang='lat' dir='ltr'><strong>Zelotes</strong></span> <span class='ocrx_word' id='word_1_151' title='bbox 3461 800 3621 852; x_wconf 85' lang='lat' dir='ltr'><strong>scribi</strong></span> 
     </span>
    </p>
   </div>
   <div class='ocr_carea' id='block_1_24' title="bbox 2082 886 3651 956">
    <p class='ocr_par' dir='ltr' id='par_1_24' title="bbox 2082 886 3651 956">
     <span class='ocr_line' id='line_1_24' title="bbox 2082 886 3651 956; baseline -0.001 -15"><span class='ocrx_word' id='word_1_152' title='bbox 2082 897 2184 952; x_wconf 91' lang='lat' dir='ltr'><strong>tur,</strong></span> <span class='ocrx_word' id='word_1_153' title='bbox 2212 898 2265 942; x_wconf 90' lang='lat' dir='ltr'><strong>et</strong></span> <span class='ocrx_word' id='word_1_154' title='bbox 2293 888 2533 953; x_wconf 73' lang='lat' dir='ltr'><strong>Thadtei,</strong></span> <span class='ocrx_word' id='word_1_155' title='bbox 2564 886 2653 956; x_wconf 88' lang='lat' dir='ltr'><strong>qui</strong></span> <span class='ocrx_word' id='word_1_156' title='bbox 2691 888 2849 941; x_wconf 89' lang='lat' dir='ltr'><strong>etiam</strong></span> <span class='ocrx_word' id='word_1_157' title='bbox 2897 888 3058 942; x_wconf 88' lang='lat' dir='ltr'><strong>Judas</strong></span> <span class='ocrx_word' id='word_1_158' title='bbox 3105 888 3285 941; x_wconf 88' lang='lat' dir='ltr'><strong>Jacobi</strong></span> <span class='ocrx_word' id='word_1_159' title='bbox 3340 886 3552 955; x_wconf 80' lang='lat' dir='ltr'><strong>legitur,</strong></span> <span class='ocrx_word' id='word_1_160' title='bbox 3602 896 3651 939; x_wconf 84' lang='lat' dir='ltr'><strong>et</strong></span> 
     </span>
    </p>
   </div>
   <div class='ocr_carea' id='block_1_25' title="bbox 2080 978 3655 1048">
    <p class='ocr_par' dir='ltr' id='par_1_25' title="bbox 2080 978 3655 1048">
     <span class='ocr_line' id='line_1_25' title="bbox 2080 978 3655 1048; baseline -0.002 -17"><span class='ocrx_word' id='word_1_161' title='bbox 2080 980 2205 1034; x_wconf 89' lang='lat' dir='ltr'><strong>alibi</strong></span> <span class='ocrx_word' id='word_1_162' title='bbox 2233 980 2528 1048; x_wconf 89' lang='lat' dir='ltr'><strong>appellatur</strong></span> <span class='ocrx_word' id='word_1_163' title='bbox 2573 978 2863 1045; x_wconf 69' lang='lat' dir='ltr'><strong>Lebbaaus,</strong></span> <span class='ocrx_word' id='word_1_164' title='bbox 2903 978 3043 1047; x_wconf 89' lang='lat' dir='ltr'><strong>quod</strong></span> <span class='ocrx_word' id='word_1_165' title='bbox 3076 979 3447 1047; x_wconf 87' lang='lat' dir='ltr'><strong>interpretatur</strong></span> <span class='ocrx_word' id='word_1_166' title='bbox 3472 992 3655 1029; x_wconf 64' lang='lat' dir='ltr'><strong>corcet-</strong></span> 
     </span>
    </p>
   </div>
   <div class='ocr_carea' id='block_1_26' title="bbox 2082 1067 3659 1140">
    <p class='ocr_par' dir='ltr' id='par_1_26' title="bbox 2082 1067 3659 1140">
     <span class='ocr_line' id='line_1_26' title="bbox 2082 1067 3659 1140; baseline -0.001 -17"><span class='ocrx_word' id='word_1_167' title='bbox 2082 1070 2249 1123; x_wconf 83' lang='lat' dir='ltr'><strong>culus.</strong></span> <span class='ocrx_word' id='word_1_168' title='bbox 2307 1070 2349 1124; x_wconf 88' lang='lat' dir='ltr'><strong>E</strong></span> <span class='ocrx_word' id='word_1_169' title='bbox 2379 1071 2568 1140; x_wconf 90' lang='lat' dir='ltr'><strong>quibus</strong></span> <span class='ocrx_word' id='word_1_170' title='bbox 2614 1069 2874 1124; x_wconf 77' lang='lat' dir='ltr'><strong>Thadzeus</strong></span> <span class='ocrx_word' id='word_1_171' title='bbox 2904 1070 3043 1139; x_wconf 87' lang='lat' dir='ltr'><strong>apud</strong></span> <span class='ocrx_word' id='word_1_172' title='bbox 3073 1069 3541 1138; x_wconf 82' lang='lat' dir='ltr'><strong>Mesopotamiam,</strong></span> <span class='ocrx_word' id='word_1_173' title='bbox 3573 1067 3659 1122; x_wconf 83' lang='lat' dir='ltr'><strong>Si-</strong></span> 
     </span>
    </p>
   </div>
   <div class='ocr_carea' id='block_1_27' title="bbox 2086 1159 3657 1231">
    <p class='ocr_par' dir='ltr' id='par_1_27' title="bbox 2086 1159 3657 1231">
     <span class='ocr_line' id='line_1_27' title="bbox 2086 1159 3657 1231; baseline 0.001 -17"><span class='ocrx_word' id='word_1_174' title='bbox 2086 1176 2211 1214; x_wconf 87' lang='lat' dir='ltr'><strong>mon</strong></span> <span class='ocrx_word' id='word_1_175' title='bbox 2235 1175 2364 1215; x_wconf 92' lang='lat' dir='ltr'><strong>vero</strong></span> <span class='ocrx_word' id='word_1_176' title='bbox 2392 1161 2527 1230; x_wconf 88' lang='lat' dir='ltr'><strong>apud</strong></span> <span class='ocrx_word' id='word_1_177' title='bbox 2564 1159 2852 1231; x_wconf 68' lang='lat' dir='ltr'><strong>Atlgyptum</strong></span> <span class='ocrx_word' id='word_1_178' title='bbox 2894 1161 3118 1215; x_wconf 86' lang='lat' dir='ltr'><strong>traditur</strong></span> <span class='ocrx_word' id='word_1_179' title='bbox 3148 1161 3504 1230; x_wconf 76' lang='lat' dir='ltr'><strong>praedicasse:</strong></span> <span class='ocrx_word' id='word_1_180' title='bbox 3533 1159 3657 1215; x_wconf 83' lang='lat' dir='ltr'><strong>inde</strong></span> 
     </span>
    </p>
   </div>
   <div class='ocr_carea' id='block_1_28' title="bbox 2083 1249 3659 1319">
    <p class='ocr_par' dir='ltr' id='par_1_28' title="bbox 2083 1249 3659 1319">
     <span class='ocr_line' id='line_1_28' title="bbox 2083 1249 3659 1319; baseline 0.001 -16"><span class='ocrx_word' id='word_1_181' title='bbox 2083 1250 2241 1304; x_wconf 88' lang='lat' dir='ltr'><strong>simul</strong></span> <span class='ocrx_word' id='word_1_182' title='bbox 2272 1249 2544 1304; x_wconf 88' lang='lat' dir='ltr'><strong>Persidam</strong></span> <span class='ocrx_word' id='word_1_183' title='bbox 2578 1250 2824 1318; x_wconf 87' lang='lat' dir='ltr'><strong>ingressi,</strong></span> <span class='ocrx_word' id='word_1_184' title='bbox 2867 1264 2990 1304; x_wconf 88' lang='lat' dir='ltr'><strong>cum</strong></span> <span class='ocrx_word' id='word_1_185' title='bbox 3023 1249 3144 1303; x_wconf 89' lang='lat' dir='ltr'><strong>ﬁdei</strong></span> <span class='ocrx_word' id='word_1_186' title='bbox 3176 1250 3506 1305; x_wconf 86' lang='lat' dir='ltr'><strong>innumeram</strong></span> <span class='ocrx_word' id='word_1_187' title='bbox 3532 1265 3659 1319; x_wconf 81' lang='lat' dir='ltr'><strong>gen-</strong></span> 
     </span>
    </p>
   </div>
   <div class='ocr_carea' id='block_1_29' title="bbox 2086 1338 3658 1403">
    <p class='ocr_par' dir='ltr' id='par_1_29' title="bbox 2086 1338 3658 1403">
     <span class='ocr_line' id='line_1_29' title="bbox 2086 1338 3658 1403; baseline 0 -9"><span class='ocrx_word' id='word_1_188' title='bbox 2086 1338 2152 1394; x_wconf 90' lang='lat' dir='ltr'><strong>tis</strong></span> <span class='ocrx_word' id='word_1_189' title='bbox 2201 1340 2341 1394; x_wconf 91' lang='lat' dir='ltr'><strong>illius</strong></span> <span class='ocrx_word' id='word_1_190' title='bbox 2387 1340 2782 1395; x_wconf 91' lang='lat' dir='ltr'><strong>multitudinem</strong></span> <span class='ocrx_word' id='word_1_191' title='bbox 2830 1340 3205 1403; x_wconf 89' lang='lat' dir='ltr'><strong>subdidissent,</strong></span> <span class='ocrx_word' id='word_1_192' title='bbox 3253 1350 3308 1395; x_wconf 85' lang='lat' dir='ltr'><strong>et</strong></span> <span class='ocrx_word' id='word_1_193' title='bbox 3367 1341 3658 1395; x_wconf 84' lang='lat' dir='ltr'><strong>Ecclesiam</strong></span> 
     </span>
    </p>
   </div>
   <div class='ocr_carea' id='block_1_30' title="bbox 2089 1431 3658 1502">
    <p class='ocr_par' dir='ltr' id='par_1_30' title="bbox 2089 1431 3658 1502">
     <span class='ocr_line' id='line_1_30' title="bbox 2089 1431 3658 1502; baseline -0.001 -16"><span class='ocrx_word' id='word_1_194' title='bbox 2089 1431 2180 1486; x_wconf 90' lang='lat' dir='ltr'><strong>Dei</strong></span> <span class='ocrx_word' id='word_1_195' title='bbox 2212 1433 2317 1487; x_wconf 89' lang='lat' dir='ltr'><strong>late</strong></span> <span class='ocrx_word' id='word_1_196' title='bbox 2341 1432 2451 1502; x_wconf 88' lang='lat' dir='ltr'><strong>jam</strong></span> <span class='ocrx_word' id='word_1_197' title='bbox 2478 1432 2749 1487; x_wconf 77' lang='lat' dir='ltr'><strong>fundatam</strong></span> <span class='ocrx_word' id='word_1_198' title='bbox 2776 1434 3035 1496; x_wconf 89' lang='lat' dir='ltr'><strong>viderent,</strong></span> <span class='ocrx_word' id='word_1_199' title='bbox 3060 1432 3371 1502; x_wconf 77' lang='lat' dir='ltr'><strong>martyrium</strong></span> <span class='ocrx_word' id='word_1_200' title='bbox 3401 1433 3471 1485; x_wconf 89' lang='lat' dir='ltr'><strong>ibi</strong></span> <span class='ocrx_word' id='word_1_201' title='bbox 3500 1447 3658 1485; x_wconf 91' lang='lat' dir='ltr'><strong>cursu</strong></span> 
     </span>
    </p>
   </div>
   <div class='ocr_carea' id='block_1_31' title="bbox 2090 1523 3661 1591">
    <p class='ocr_par' dir='ltr' id='par_1_31' title="bbox 2090 1523 3661 1591">
     <span class='ocr_line' id='line_1_31' title="bbox 2090 1523 3661 1591; baseline -0.001 -14"><span class='ocrx_word' id='word_1_202' title='bbox 2090 1524 2345 1591; x_wconf 90' lang='lat' dir='ltr'><strong>temporis</strong></span> <span class='ocrx_word' id='word_1_203' title='bbox 2372 1523 2670 1590; x_wconf 80' lang='lat' dir='ltr'><strong>explentes,</strong></span> <span class='ocrx_word' id='word_1_204' title='bbox 2723 1524 2876 1577; x_wconf 88' lang='lat' dir='ltr'><strong>beato</strong></span> <span class='ocrx_word' id='word_1_205' title='bbox 2919 1523 3213 1577; x_wconf 89' lang='lat' dir='ltr'><strong>certamine</strong></span> <span class='ocrx_word' id='word_1_206' title='bbox 3257 1536 3661 1577; x_wconf 85' lang='lat' dir='ltr'><strong>consummave-</strong></span> 
     </span>
    </p>
   </div>
   <div class='ocr_carea' id='block_1_32' title="bbox 2089 1610 3657 1680">
    <p class='ocr_par' dir='ltr' id='par_1_32' title="bbox 2089 1610 3657 1680">
     <span class='ocr_line' id='line_1_32' title="bbox 2089 1610 3657 1680; baseline -0.001 -15"><span class='ocrx_word' id='word_1_207' title='bbox 2089 1623 2232 1674; x_wconf 89' lang='lat' dir='ltr'><strong>runt,</strong></span> <span class='ocrx_word' id='word_1_208' title='bbox 2278 1611 2569 1666; x_wconf 87' lang='lat' dir='ltr'><strong>hoooriﬁce</strong></span> <span class='ocrx_word' id='word_1_209' title='bbox 2614 1611 2805 1680; x_wconf 89' lang='lat' dir='ltr'><strong>sepulti</strong></span> <span class='ocrx_word' id='word_1_210' title='bbox 2852 1626 2882 1664; x_wconf 90' lang='lat' dir='ltr'><strong>a</strong></span> <span class='ocrx_word' id='word_1_211' title='bbox 2926 1612 3130 1680; x_wconf 85' lang='lat' dir='ltr'><strong>pupulis</strong></span> <span class='ocrx_word' id='word_1_212' title='bbox 3156 1610 3495 1675; x_wconf 84' lang='lat' dir='ltr'><strong>Christianis,</strong></span> <span class='ocrx_word' id='word_1_213' title='bbox 3525 1625 3657 1679; x_wconf 92' lang='lat' dir='ltr'><strong>quos</strong></span> 
     </span>
    </p>
   </div>
   <div class='ocr_carea' id='block_1_33' title="bbox 2094 1697 3659 1769">
    <p class='ocr_par' dir='ltr' id='par_1_33' title="bbox 2094 1697 3659 1769">
     <span class='ocr_line' id='line_1_33' title="bbox 2094 1697 3659 1769; baseline -0.001 -15"><span class='ocrx_word' id='word_1_214' title='bbox 2094 1701 2317 1756; x_wconf 82' lang='lat' dir='ltr'><strong>Domino</strong></span> <span class='ocrx_word' id='word_1_215' title='bbox 2346 1702 2444 1769; x_wconf 89' lang='lat' dir='ltr'><strong>ipsi</strong></span> <span class='ocrx_word' id='word_1_216' title='bbox 2477 1709 2788 1769; x_wconf 88' lang='lat' dir='ltr'><strong>genuerant.</strong></span> <span class='ocrx_word' id='word_1_217' title='bbox 2819 1700 3004 1755; x_wconf 67' lang='lat' dir='ltr'><strong>Romae</strong></span> <span class='ocrx_word' id='word_1_218' title='bbox 3042 1708 3240 1754; x_wconf 71' lang='lat' dir='ltr'><strong>sancta:</strong></span> <span class='ocrx_word' id='word_1_219' title='bbox 3270 1697 3501 1767; x_wconf 65' lang='lat' dir='ltr'><strong>Cyrillae,</strong></span> <span class='ocrx_word' id='word_1_220' title='bbox 3537 1699 3659 1752; x_wconf 86' lang='lat' dir='ltr'><strong>tiliae</strong></span> 
     </span>
    </p>
   </div>
   <div class='ocr_carea' id='block_1_34' title="bbox 412 1779 3663 1864">
    <p class='ocr_par' dir='ltr' id='par_1_34' title="bbox 412 1779 3663 1864">
     <span class='ocr_line' id='line_1_34' title="bbox 412 1779 3663 1864; baseline -0.003 -12"><span class='ocrx_word' id='word_1_221' title='bbox 412 1795 609 1852; x_wconf 89' lang='lat' dir='ltr'><strong>deinde</strong></span> <span class='ocrx_word' id='word_1_222' title='bbox 654 1796 825 1864; x_wconf 89' lang='lat' dir='ltr'><strong>capita</strong></span> <span class='ocrx_word' id='word_1_223' title='bbox 856 1810 1037 1849; x_wconf 91' lang='lat' dir='ltr'><strong>eorum</strong></span> <span class='ocrx_word' id='word_1_224' title='bbox 1069 1793 1330 1863; x_wconf 88' lang='lat' dir='ltr'><strong>lapidibus</strong></span> <span class='ocrx_word' id='word_1_225' title='bbox 1383 1794 1676 1861; x_wconf 87' lang='lat' dir='ltr'><strong>supposita,</strong></span> <span class='ocrx_word' id='word_1_226' title='bbox 1720 1803 1774 1847; x_wconf 92' lang='lat' dir='ltr'><strong>et</strong></span> <span class='ocrx_word' id='word_1_227' title='bbox 1819 1808 1984 1861; x_wconf 90' lang='lat' dir='ltr'><strong>usque</strong></span> <span class='ocrx_word' id='word_1_228' title='bbox 2014 1779 2059 1838; x_wconf 82' lang='grc' dir='ltr'><strong>Β</strong></span> <span class='ocrx_word' id='word_1_229' title='bbox 2092 1794 2232 1847; x_wconf 90' lang='lat' dir='ltr'><strong>Decii</strong></span> <span class='ocrx_word' id='word_1_230' title='bbox 2262 1791 2512 1859; x_wconf 81' lang='lat' dir='ltr'><strong>Caesaris,</strong></span> <span class='ocrx_word' id='word_1_231' title='bbox 2553 1808 2668 1860; x_wconf 74' lang='lat' dir='ltr'><strong>qua:</strong></span> <span class='ocrx_word' id='word_1_232' title='bbox 2697 1807 2727 1845; x_wconf 92' lang='lat' dir='ltr'><strong>a</strong></span> <span class='ocrx_word' id='word_1_233' title='bbox 2759 1791 2981 1847; x_wconf 89' lang='lat' dir='ltr'><strong>Claudio</strong></span> <span class='ocrx_word' id='word_1_234' title='bbox 3021 1791 3258 1862; x_wconf 89' lang='lat' dir='ltr'><strong>principe</strong></span> <span class='ocrx_word' id='word_1_235' title='bbox 3298 1792 3532 1860; x_wconf 80' lang='lat' dir='ltr'><strong>jttgnlala</strong></span> <span class='ocrx_word' id='word_1_236' title='bbox 3579 1802 3663 1843; x_wconf 86' lang='lat' dir='ltr'><strong>est</strong></span> 
     </span>
    </p>
   </div>
   <div class='ocr_carea' id='block_1_35' title="bbox 415 1884 1982 1949">
    <p class='ocr_par' dir='ltr' id='par_1_35' title="bbox 415 1884 1982 1949">
     <span class='ocr_line' id='line_1_35' title="bbox 415 1884 1982 1949; baseline -0.004 -9"><span class='ocrx_word' id='word_1_237' title='bbox 415 1886 480 1940; x_wconf 88' lang='lat' dir='ltr'><strong>ad</strong></span> <span class='ocrx_word' id='word_1_238' title='bbox 508 1887 875 1940; x_wconf 86' lang='lat' dir='ltr'><strong>excussionem</strong></span> <span class='ocrx_word' id='word_1_239' title='bbox 900 1885 1101 1939; x_wconf 90' lang='lat' dir='ltr'><strong>cerebri</strong></span> <span class='ocrx_word' id='word_1_240' title='bbox 1132 1884 1315 1937; x_wconf 89' lang='lat' dir='ltr'><strong>validis</strong></span> <span class='ocrx_word' id='word_1_241' title='bbox 1335 1894 1459 1938; x_wconf 92' lang='lat' dir='ltr'><strong>sunt</strong></span> <span class='ocrx_word' id='word_1_242' title='bbox 1480 1884 1719 1938; x_wconf 87' lang='lat' dir='ltr'><strong>vectibus</strong></span> <span class='ocrx_word' id='word_1_243' title='bbox 1740 1893 1982 1949; x_wconf 83' lang='lat' dir='ltr'><strong>contusa,</strong></span> 
     </span>
    </p>
   </div>
   <div class='ocr_carea' id='block_1_36' title="bbox 416 1974 1989 2045">
    <p class='ocr_par' dir='ltr' id='par_1_36' title="bbox 416 1974 1989 2045">
     <span class='ocr_line' id='line_1_36' title="bbox 416 1974 1989 2045; baseline 0.001 -18"><span class='ocrx_word' id='word_1_244' title='bbox 416 1986 573 2045; x_wconf 87' lang='lat' dir='ltr'><strong>atque</strong></span> <span class='ocrx_word' id='word_1_245' title='bbox 602 1976 673 2030; x_wconf 89' lang='lat' dir='ltr'><strong>ita</strong></span> <span class='ocrx_word' id='word_1_246' title='bbox 704 1974 1012 2043; x_wconf 86' lang='lat' dir='ltr'><strong>martyrium</strong></span> <span class='ocrx_word' id='word_1_247' title='bbox 1043 1976 1477 2042; x_wconf 82' lang='lat' dir='ltr'><strong>compleverunt,</strong></span> <span class='ocrx_word' id='word_1_248' title='bbox 1517 1984 1707 2043; x_wconf 81' lang='lat' dir='ltr'><strong>agente</strong></span> <span class='ocrx_word' id='word_1_249' title='bbox 1764 1976 1989 2040; x_wconf 56' lang='lat' dir='ltr'><strong>pra‘side</strong></span> 
     </span>
    </p>
   </div>
   <div class='ocr_carea' id='block_1_37' title="bbox 415 2064 1991 2134">
    <p class='ocr_par' dir='ltr' id='par_1_37' title="bbox 415 2064 1991 2134">
     <span class='ocr_line' id='line_1_37' title="bbox 415 2064 1991 2134; baseline -0.001 -15"><span class='ocrx_word' id='word_1_250' title='bbox 415 2064 662 2120; x_wconf 82' lang='lat' dir='ltr'><strong>Datiano.</strong></span> <span class='ocrx_word' id='word_1_251' title='bbox 694 2064 845 2133; x_wconf 84' lang='lat' dir='ltr'><strong>Apud</strong></span> <span class='ocrx_word' id='word_1_252' title='bbox 877 2064 1062 2134; x_wconf 65' lang='lat' dir='ltr'><strong>Thylae</strong></span> <span class='ocrx_word' id='word_1_253' title='bbox 1092 2073 1347 2127; x_wconf 85' lang='lat' dir='ltr'><strong>castrum,</strong></span> <span class='ocrx_word' id='word_1_254' title='bbox 1373 2066 1546 2119; x_wconf 88' lang='lat' dir='ltr'><strong>natale</strong></span> <span class='ocrx_word' id='word_1_255' title='bbox 1571 2066 1735 2118; x_wconf 90' lang='lat' dir='ltr'><strong>sancti</strong></span> <span class='ocrx_word' id='word_1_256' title='bbox 1768 2064 1991 2119; x_wconf 88' lang='lat' dir='ltr'><strong>Floren-</strong></span> 
     </span>
    </p>
   </div>
   <div class='ocr_carea' id='block_1_38' title="bbox 418 2153 1992 2224">
    <p class='ocr_par' dir='ltr' id='par_1_38' title="bbox 418 2153 1992 2224">
     <span class='ocr_line' id='line_1_38' title="bbox 418 2153 1992 2224; baseline 0.001 -17"><span class='ocrx_word' id='word_1_257' title='bbox 418 2153 475 2208; x_wconf 92' lang='lat' dir='ltr'><strong>tii</strong></span> <span class='ocrx_word' id='word_1_258' title='bbox 502 2155 770 2224; x_wconf 87' lang='lat' dir='ltr'><strong>martyris.</strong></span> <span class='ocrx_word' id='word_1_259' title='bbox 812 2153 997 2207; x_wconf 66' lang='lat' dir='ltr'><strong>Romae</strong></span> <span class='ocrx_word' id='word_1_260' title='bbox 1036 2154 1259 2208; x_wconf 85' lang='lat' dir='ltr'><strong>Evaristi</strong></span> <span class='ocrx_word' id='word_1_261' title='bbox 1301 2168 1470 2221; x_wconf 66' lang='lat' dir='ltr'><strong>papae,</strong></span> <span class='ocrx_word' id='word_1_262' title='bbox 1514 2156 1599 2221; x_wconf 89' lang='lat' dir='ltr'><strong>qui</strong></span> <span class='ocrx_word' id='word_1_263' title='bbox 1642 2155 1779 2207; x_wconf 86' lang='lat' dir='ltr'><strong>sedit</strong></span> <span class='ocrx_word' id='word_1_264' title='bbox 1824 2170 1992 2209; x_wconf 91' lang='lat' dir='ltr'><strong>annos</strong></span> 
     </span>
    </p>
   </div>
   <div class='ocr_carea' id='block_1_39' title="bbox 416 2244 1995 2313">
    <p class='ocr_par' dir='ltr' id='par_1_39' title="bbox 416 2244 1995 2313">
     <span class='ocr_line' id='line_1_39' title="bbox 416 2244 1995 2313; baseline 0 -15"><span class='ocrx_word' id='word_1_265' title='bbox 416 2259 627 2310; x_wconf 89' lang='lat' dir='ltr'><strong>novem,</strong></span> <span class='ocrx_word' id='word_1_266' title='bbox 654 2244 755 2298; x_wconf 91' lang='lat' dir='ltr'><strong>sub</strong></span> <span class='ocrx_word' id='word_1_267' title='bbox 777 2244 1006 2311; x_wconf 77' lang='lat' dir='ltr'><strong>Traiano</strong></span> <span class='ocrx_word' id='word_1_268' title='bbox 1038 2246 1294 2313; x_wconf 89' lang='lat' dir='ltr'><strong>martyrio</strong></span> <span class='ocrx_word' id='word_1_269' title='bbox 1323 2256 1625 2311; x_wconf 79' lang='lat' dir='ltr'><strong>coronatur,</strong></span> <span class='ocrx_word' id='word_1_270' title='bbox 1654 2246 1890 2311; x_wconf 82' lang='lat' dir='ltr'><strong>sepultus</strong></span> <span class='ocrx_word' id='word_1_271' title='bbox 1912 2253 1995 2298; x_wconf 91' lang='lat' dir='ltr'><strong>est</strong></span> 
     </span>
    </p>
   </div>
   <div class='ocr_carea' id='block_1_40' title="bbox 420 2334 1994 2405">
    <p class='ocr_par' dir='ltr' id='par_1_40' title="bbox 420 2334 1994 2405">
     <span class='ocr_line' id='line_1_40' title="bbox 420 2334 1994 2405; baseline -0.003 -14"><span class='ocrx_word' id='word_1_272' title='bbox 420 2335 477 2391; x_wconf 82' lang='lat' dir='ltr'><strong>iu</strong></span> <span class='ocrx_word' id='word_1_273' title='bbox 511 2334 783 2390; x_wconf 84' lang='lat' dir='ltr'><strong>Vaticano.</strong></span> <span class='ocrx_word' id='word_1_274' title='bbox 818 2335 914 2388; x_wconf 87' lang='lat' dir='ltr'><strong>Hic</strong></span> <span class='ocrx_word' id='word_1_275' title='bbox 941 2335 1368 2389; x_wconf 81' lang='lat' dir='ltr'><strong>constituitduos</strong></span> <span class='ocrx_word' id='word_1_276' title='bbox 1391 2336 1443 2388; x_wconf 91' lang='lat' dir='ltr'><strong>in</strong></span> <span class='ocrx_word' id='word_1_277' title='bbox 1472 2334 1601 2388; x_wconf 90' lang='lat' dir='ltr'><strong>urbe</strong></span> <span class='ocrx_word' id='word_1_278' title='bbox 1632 2334 1994 2405; x_wconf 55' lang='lat' dir='ltr'><strong>presbyteros,</strong></span> 
     </span>
    </p>
   </div>
   <div class='ocr_carea' id='block_1_41' title="bbox 2089 1881 3663 1952">
    <p class='ocr_par' dir='ltr' id='par_1_41' title="bbox 2089 1881 3663 1952">
     <span class='ocr_line' id='line_1_41' title="bbox 2089 1881 3663 1952; baseline -0.002 -16"><span class='ocrx_word' id='word_1_279' title='bbox 2089 1883 2264 1952; x_wconf 83' lang='lat' dir='ltr'><strong>gladio</strong></span> <span class='ocrx_word' id='word_1_280' title='bbox 2289 1922 2304 1946; x_wconf 89' lang='lat'><strong>,</strong></span> <span class='ocrx_word' id='word_1_281' title='bbox 2339 1891 2391 1937; x_wconf 89' lang='lat' dir='ltr'><strong>et</strong></span> <span class='ocrx_word' id='word_1_282' title='bbox 2419 1883 2625 1950; x_wconf 87' lang='lat' dir='ltr'><strong>sepulta</strong></span> <span class='ocrx_word' id='word_1_283' title='bbox 2653 1897 2682 1937; x_wconf 95' lang='lat' dir='ltr'><strong>a</strong></span> <span class='ocrx_word' id='word_1_284' title='bbox 2711 1881 2920 1937; x_wconf 82' lang='lat' dir='ltr'><strong>JuStino</strong></span> <span class='ocrx_word' id='word_1_285' title='bbox 2950 1882 3261 1952; x_wconf 89' lang='lat' dir='ltr'><strong>presbytero</strong></span> <span class='ocrx_word' id='word_1_286' title='bbox 3284 1921 3299 1946; x_wconf 91' lang='lat'><strong>,</strong></span> <span class='ocrx_word' id='word_1_287' title='bbox 3338 1895 3459 1935; x_wconf 90' lang='lat' dir='ltr'><strong>cum</strong></span> <span class='ocrx_word' id='word_1_288' title='bbox 3495 1891 3663 1933; x_wconf 86' lang='lat' dir='ltr'><strong>matre</strong></span> 
     </span>
    </p>
   </div>
   <div class='ocr_carea' id='block_1_42' title="bbox 2090 1969 3663 2043">
    <p class='ocr_par' dir='ltr' id='par_1_42' title="bbox 2090 1969 3663 2043">
     <span class='ocr_line' id='line_1_42' title="bbox 2090 1969 3663 2043; baseline -0.003 -16"><span class='ocrx_word' id='word_1_289' title='bbox 2090 1987 2205 2038; x_wconf 88' lang='lat' dir='ltr'><strong>sua,</strong></span> <span class='ocrx_word' id='word_1_290' title='bbox 2233 1971 2385 2041; x_wconf 84' lang='lat' dir='ltr'><strong>juxta</strong></span> <span class='ocrx_word' id='word_1_291' title='bbox 2411 1982 2651 2027; x_wconf 88' lang='lat' dir='ltr'><strong>sanctum</strong></span> <span class='ocrx_word' id='word_1_292' title='bbox 2686 1972 3046 2043; x_wconf 88' lang='lat' dir='ltr'><strong>Hippolytum.</strong></span> <span class='ocrx_word' id='word_1_293' title='bbox 3093 1971 3220 2026; x_wconf 90' lang='lat' dir='ltr'><strong>Item</strong></span> <span class='ocrx_word' id='word_1_294' title='bbox 3268 1972 3437 2026; x_wconf 88' lang='lat' dir='ltr'><strong>sancti</strong></span> <span class='ocrx_word' id='word_1_295' title='bbox 3471 1969 3663 2025; x_wconf 81' lang='lat' dir='ltr'><strong>Fidelis</strong></span> 
     </span>
    </p>
   </div>
   <div class='ocr_carea' id='block_1_43' title="bbox 2092 2065 2359 2135">
    <p class='ocr_par' dir='ltr' id='par_1_43' title="bbox 2092 2065 2359 2135">
     <span class='ocr_line' id='line_1_43' title="bbox 2092 2065 2359 2135; baseline 0 -17"><span class='ocrx_word' id='word_1_296' title='bbox 2092 2065 2359 2135; x_wconf 84' lang='lat' dir='ltr'><strong>martyris.</strong></span> 
     </span>
    </p>
   </div>
   <div class='ocr_carea' id='block_1_44' title="bbox 2168 2155 3663 2214">
    <p class='ocr_par' dir='ltr' id='par_1_44' title="bbox 2168 2155 3663 2214">
     <span class='ocr_line' id='line_1_44' title="bbox 2168 2155 3663 2214; baseline -0.001 -5"><span class='ocrx_word' id='word_1_297' title='bbox 2168 2159 2231 2210; x_wconf 85' lang='lat' dir='ltr'><strong>A.</strong></span> <span class='ocrx_word' id='word_1_298' title='bbox 2274 2156 2339 2210; x_wconf 94' lang='lat' dir='ltr'><strong>lV</strong></span> <span class='ocrx_word' id='word_1_299' title='bbox 2378 2157 2614 2214; x_wconf 68' lang='lat' dir='ltr'><strong>Kamun.</strong></span> <span class='ocrx_word' id='word_1_300' title='bbox 2655 2156 2895 2213; x_wconf 74' lang='lat' dir='ltr'><strong>Noveun.</strong></span> <span class='ocrx_word' id='word_1_301' title='bbox 2925 2187 2996 2198; x_wconf 90' lang='lat'><em>-</em></span> <span class='ocrx_word' id='word_1_302' title='bbox 3022 2156 3209 2212; x_wconf 84' lang='lat' dir='ltr'><strong>Natale</strong></span> <span class='ocrx_word' id='word_1_303' title='bbox 3237 2156 3404 2213; x_wconf 89' lang='lat' dir='ltr'><strong>sancti</strong></span> <span class='ocrx_word' id='word_1_304' title='bbox 3434 2155 3663 2211; x_wconf 83' lang='lat' dir='ltr'><strong>Narcissi</strong></span> 
     </span>
    </p>
   </div>
   <div class='ocr_carea' id='block_1_45' title="bbox 2097 2244 3665 2317">
    <p class='ocr_par' dir='ltr' id='par_1_45' title="bbox 2097 2244 3665 2317">
     <span class='ocr_line' id='line_1_45' title="bbox 2097 2244 3665 2317; baseline -0.001 -19"><span class='ocrx_word' id='word_1_305' title='bbox 2097 2244 2555 2316; x_wconf 85' lang='lat' dir='ltr'><strong>Jerosolymorum</strong></span> <span class='ocrx_word' id='word_1_306' title='bbox 2588 2248 2845 2317; x_wconf 84' lang='lat' dir='ltr'><strong>epierpi,</strong></span> <span class='ocrx_word' id='word_1_307' title='bbox 2881 2248 2982 2303; x_wconf 87' lang='lat' dir='ltr'><strong>viri</strong></span> <span class='ocrx_word' id='word_1_308' title='bbox 3005 2248 3284 2303; x_wconf 89' lang='lat' dir='ltr'><strong>sanctitate</strong></span> <span class='ocrx_word' id='word_1_309' title='bbox 3313 2256 3366 2301; x_wconf 91' lang='lat' dir='ltr'><strong>et</strong></span> <span class='ocrx_word' id='word_1_310' title='bbox 3397 2247 3665 2315; x_wconf 87' lang='lat' dir='ltr'><strong>patientia,</strong></span> 
     </span>
    </p>
   </div>
   <div class='ocr_carea' id='block_1_46' title="bbox 2098 2336 3667 2411">
    <p class='ocr_par' dir='ltr' id='par_1_46' title="bbox 2098 2336 3667 2411">
     <span class='ocr_line' id='line_1_46' title="bbox 2098 2336 3667 2411; baseline 0.001 -21"><span class='ocrx_word' id='word_1_311' title='bbox 2098 2351 2160 2391; x_wconf 89' lang='lat' dir='ltr'><strong>ac</strong></span> <span class='ocrx_word' id='word_1_312' title='bbox 2192 2336 2294 2392; x_wconf 88' lang='lat' dir='ltr'><strong>ﬁde</strong></span> <span class='ocrx_word' id='word_1_313' title='bbox 2338 2338 2641 2394; x_wconf 88' lang='lat' dir='ltr'><strong>laudabilis.</strong></span> <span class='ocrx_word' id='word_1_314' title='bbox 2680 2340 2886 2395; x_wconf 85' lang='lat' dir='ltr'><strong>Accidit</strong></span> <span class='ocrx_word' id='word_1_315' title='bbox 2915 2341 3196 2411; x_wconf 86' lang='lat' dir='ltr'><strong>aliquando</strong></span> <span class='ocrx_word' id='word_1_316' title='bbox 3236 2340 3288 2395; x_wconf 90' lang='lat' dir='ltr'><strong>in</strong></span> <span class='ocrx_word' id='word_1_317' title='bbox 3319 2341 3407 2396; x_wconf 90' lang='lat' dir='ltr'><strong>die</strong></span> <span class='ocrx_word' id='word_1_318' title='bbox 3446 2340 3667 2395; x_wconf 80' lang='lat' dir='ltr'><strong>solemni</strong></span> 
     </span>
    </p>
   </div>
   <div class='ocr_carea' id='block_1_47' title="bbox 1659 2424 2433 2484">
    <p class='ocr_par' dir='ltr' id='par_1_47' title="bbox 1659 2424 2433 2484">
     <span class='ocr_line' id='line_1_47' title="bbox 1659 2424 2433 2484; baseline 0.006 -6"><span class='ocrx_word' id='word_1_319' title='bbox 1659 2424 1887 2479; x_wconf 72' lang='lat' dir='ltr'><strong>EDITIO</strong></span> <span class='ocrx_word' id='word_1_320' title='bbox 1927 2424 2433 2484; x_wconf 81' lang='lat' dir='ltr'><strong>BOLLANDIANA.</strong></span> 
     </span>
    </p>
   </div>
   <div class='ocr_carea' id='block_1_48' title="bbox 489 2515 1350 2573">
    <p class='ocr_par' dir='ltr' id='par_1_48' title="bbox 489 2515 1350 2573">
     <span class='ocr_line' id='line_1_48' title="bbox 489 2515 1350 2573; baseline -0.002 -1"><span class='ocrx_word' id='word_1_321' title='bbox 489 2518 579 2573; x_wconf 76' lang='lat'><strong>27.</strong></span> <span class='ocrx_word' id='word_1_322' title='bbox 606 2548 676 2557; x_wconf 95' lang='lat'><strong>—</strong></span> <span class='ocrx_word' id='word_1_323' title='bbox 700 2515 767 2571; x_wconf 83' lang='lat' dir='ltr'><strong>Vl</strong></span> <span class='ocrx_word' id='word_1_324' title='bbox 806 2516 941 2570; x_wconf 76' lang='grc' dir='ltr'>ΚΑΙ..</span> <span class='ocrx_word' id='word_1_325' title='bbox 987 2517 1147 2571; x_wconf 78' lang='lat' dir='ltr'><strong>Vacat</strong></span> <span class='ocrx_word' id='word_1_326' title='bbox 1177 2516 1350 2570; x_wconf 73' lang='lat' dir='ltr'><strong>Barda.</strong></span> 
     </span>
    </p>
   </div>
   <div class='ocr_carea' id='block_1_49' title="bbox 492 2607 1995 2676">
    <p class='ocr_par' dir='ltr' id='par_1_49' title="bbox 492 2607 1995 2676">
     <span class='ocr_line' id='line_1_49' title="bbox 492 2607 1995 2676; baseline -0.001 -13"><span class='ocrx_word' id='word_1_327' title='bbox 492 2610 679 2663; x_wconf 84' lang='lat' dir='ltr'><strong>Florus</strong></span> <span class='ocrx_word' id='word_1_328' title='bbox 705 2608 755 2662; x_wconf 92' lang='lat' dir='ltr'><strong>iu</strong></span> <span class='ocrx_word' id='word_1_329' title='bbox 783 2610 849 2663; x_wconf 84' lang='lat' dir='ltr'><strong>A.</strong></span> <span class='ocrx_word' id='word_1_330' title='bbox 874 2608 938 2663; x_wconf 89' lang='grc' dir='ltr'><strong>Τ.</strong></span> <span class='ocrx_word' id='word_1_331' title='bbox 963 2608 1023 2661; x_wconf 86' lang='lat' dir='ltr'><strong>L.</strong></span> <span class='ocrx_word' id='word_1_332' title='bbox 1046 2624 1061 2661; x_wconf 88' lang='lat'><strong>:</strong></span> <span class='ocrx_word' id='word_1_333' title='bbox 1087 2608 1267 2663; x_wconf 68' lang='lat' dir='ltr'><strong>Romae</strong></span> <span class='ocrx_word' id='word_1_334' title='bbox 1298 2608 1353 2663; x_wconf 90' lang='lat' dir='ltr'><strong>S.</strong></span> <span class='ocrx_word' id='word_1_335' title='bbox 1383 2609 1407 2637; x_wconf 67' lang='grc'>³</span> <span class='ocrx_word' id='word_1_336' title='bbox 1433 2607 1674 2673; x_wconf 85' lang='lat' dir='ltr'><strong>Evaristi,</strong></span> <span class='ocrx_word' id='word_1_337' title='bbox 1698 2607 1785 2676; x_wconf 90' lang='lat' dir='ltr'><strong>qui</strong></span> <span class='ocrx_word' id='word_1_338' title='bbox 1813 2617 1995 2663; x_wconf 81' lang='lat' dir='ltr'><strong>sextus</strong></span> 
     </span>
    </p>
   </div>
   <div class='ocr_carea' id='block_1_50' title="bbox 418 2696 1995 2767">
    <p class='ocr_par' dir='ltr' id='par_1_50' title="bbox 418 2696 1995 2767">
     <span class='ocr_line' id='line_1_50' title="bbox 418 2696 1995 2767; baseline 0.001 -16"><span class='ocrx_word' id='word_1_339' title='bbox 418 2707 538 2767; x_wconf 80' lang='lat' dir='ltr'><strong>post</strong></span> <span class='ocrx_word' id='word_1_340' title='bbox 566 2699 773 2752; x_wconf 84' lang='lat' dir='ltr'><strong>Petrum</strong></span> <span class='ocrx_word' id='word_1_341' title='bbox 803 2701 953 2751; x_wconf 90' lang='lat' dir='ltr'><strong>annis</strong></span> <span class='ocrx_word' id='word_1_342' title='bbox 984 2713 1191 2759; x_wconf 81' lang='lat' dir='ltr'><strong>novem,</strong></span> <span class='ocrx_word' id='word_1_343' title='bbox 1222 2698 1492 2751; x_wconf 87' lang='lat' dir='ltr'><strong>mensibus</strong></span> <span class='ocrx_word' id='word_1_344' title='bbox 1523 2697 1789 2760; x_wconf 90' lang='lat' dir='ltr'><strong>undecim,</strong></span> <span class='ocrx_word' id='word_1_345' title='bbox 1812 2696 1995 2753; x_wconf 47' lang='lat' dir='ltr'><strong>Eccle‘</strong></span> 
     </span>
    </p>
   </div>
   <div class='ocr_carea' id='block_1_51' title="bbox 420 2788 1995 2858">
    <p class='ocr_par' dir='ltr' id='par_1_51' title="bbox 420 2788 1995 2858">
     <span class='ocr_line' id='line_1_51' title="bbox 420 2788 1995 2858; baseline 0.001 -15"><span class='ocrx_word' id='word_1_346' title='bbox 420 2792 550 2843; x_wconf 83' lang='lat' dir='ltr'><strong>siam</strong></span> <span class='ocrx_word' id='word_1_347' title='bbox 601 2788 892 2842; x_wconf 79' lang='lat' dir='ltr'><strong>Romanam</strong></span> <span class='ocrx_word' id='word_1_348' title='bbox 942 2804 1170 2857; x_wconf 82' lang='lat' dir='ltr'><strong>regens,</strong></span> <span class='ocrx_word' id='word_1_349' title='bbox 1232 2789 1556 2858; x_wconf 88' lang='lat' dir='ltr'><strong>temporibus</strong></span> <span class='ocrx_word' id='word_1_350' title='bbox 1602 2789 1887 2844; x_wconf 91' lang='lat' dir='ltr'><strong>Domitiani</strong></span> <span class='ocrx_word' id='word_1_351' title='bbox 1940 2799 1995 2845; x_wconf 89' lang='lat' dir='ltr'><strong>et</strong></span> 
     </span>
    </p>
   </div>
   <div class='ocr_carea' id='block_1_52' title="bbox 422 2880 1231 2950">
    <p class='ocr_par' dir='ltr' id='par_1_52' title="bbox 422 2880 1231 2950">
     <span class='ocr_line' id='line_1_52' title="bbox 422 2880 1231 2950; baseline 0.001 -15"><span class='ocrx_word' id='word_1_352' title='bbox 422 2881 607 2936; x_wconf 63' lang='lat' dir='ltr'><strong>Nervae</strong></span> <span class='ocrx_word' id='word_1_353' title='bbox 651 2880 901 2950; x_wconf 87' lang='lat' dir='ltr'><strong>martyrio</strong></span> <span class='ocrx_word' id='word_1_354' title='bbox 929 2891 1231 2936; x_wconf 89' lang='lat' dir='ltr'><strong>coronatur.</strong></span> 
     </span>
    </p>
   </div>
   <div class='ocr_carea' id='block_1_53' title="bbox 495 2970 1998 3041">
    <p class='ocr_par' dir='ltr' id='par_1_53' title="bbox 495 2970 1998 3041">
     <span class='ocr_line' id='line_1_53' title="bbox 495 2970 1998 3041; baseline 0.001 -17"><span class='ocrx_word' id='word_1_355' title='bbox 495 2971 555 3025; x_wconf 88' lang='grc' dir='ltr'>Β.</span> <span class='ocrx_word' id='word_1_356' title='bbox 584 2970 643 3025; x_wconf 90' lang='lat' dir='ltr'><strong>C.</strong></span> <span class='ocrx_word' id='word_1_357' title='bbox 675 2971 737 3023; x_wconf 89' lang='lat' dir='ltr'><strong>D.</strong></span> <span class='ocrx_word' id='word_1_358' title='bbox 770 2970 830 3024; x_wconf 94' lang='lat' dir='ltr'><strong>V.</strong></span> <span class='ocrx_word' id='word_1_359' title='bbox 856 2970 1009 3041; x_wconf 62' lang='lat' dir='ltr'><strong>A._T.</strong></span> <span class='ocrx_word' id='word_1_360' title='bbox 1042 2970 1123 3035; x_wconf 85' lang='lat' dir='ltr'><strong>L.,</strong></span> <span class='ocrx_word' id='word_1_361' title='bbox 1159 2970 1340 3041; x_wconf 88' lang='lat' dir='ltr'><strong>Vigilia</strong></span> <span class='ocrx_word' id='word_1_362' title='bbox 1375 2972 1734 3039; x_wconf 86' lang='lat' dir='ltr'><strong>apostolorum</strong></span> <span class='ocrx_word' id='word_1_363' title='bbox 1762 2971 1998 3026; x_wconf 90' lang='lat' dir='ltr'><strong>Simonis</strong></span> 
     </span>
    </p>
   </div>
   <div class='ocr_carea' id='block_1_54' title="bbox 424 3039 1997 3112">
    <p class='ocr_par' dir='ltr' id='par_1_54' title="bbox 424 3039 1997 3112">
     <span class='ocr_line' id='line_1_54' title="bbox 424 3039 1997 3112; baseline 0.003 -21"><span class='ocrx_word' id='word_1_364' title='bbox 424 3050 478 3092; x_wconf 91' lang='lat' dir='ltr'><strong>et</strong></span> <span class='ocrx_word' id='word_1_365' title='bbox 526 3041 762 3112; x_wconf 73' lang='lat' dir='ltr'><strong>Thadaei.</strong></span> <span class='ocrx_word' id='word_1_366' title='bbox 813 3041 873 3093; x_wconf 90' lang='lat' dir='ltr'><strong>C.</strong></span> <span class='ocrx_word' id='word_1_367' title='bbox 908 3039 996 3106; x_wconf 89' lang='lat' dir='ltr'><strong>V.,</strong></span> <span class='ocrx_word' id='word_1_368' title='bbox 1027 3040 1083 3094; x_wconf 92' lang='lat' dir='ltr'><strong>lu</strong></span> <span class='ocrx_word' id='word_1_369' title='bbox 1130 3039 1307 3096; x_wconf 78' lang='lat' dir='ltr'><strong>Africa</strong></span> <span class='ocrx_word' id='word_1_370' title='bbox 1341 3042 1640 3112; x_wconf 62' lang='lat' dir='ltr'><strong>[:olycarpi.</strong></span> <span class='ocrx_word' id='word_1_371' title='bbox 1677 3042 1761 3107; x_wconf 92' lang='lat' dir='ltr'><strong>V.,</strong></span> <span class='ocrx_word' id='word_1_372' title='bbox 1814 3042 1997 3095; x_wconf 70' lang='lat' dir='ltr'><strong>Romae</strong></span> 
     </span>
    </p>
   </div>
   <div class='ocr_carea' id='block_1_55' title="bbox 432 3110 1996 3174">
    <p class='ocr_par' dir='ltr' id='par_1_55' title="bbox 432 3110 1996 3174">
     <span class='ocr_line' id='line_1_55' title="bbox 432 3110 1996 3174; baseline 0.001 -12"><span class='ocrx_word' id='word_1_373' title='bbox 432 3110 681 3163; x_wconf 81' lang='lat' dir='ltr'><strong>Marciani</strong></span> <span class='ocrx_word' id='word_1_374' title='bbox 710 3153 723 3173; x_wconf 92' lang='lat'><strong>,</strong></span> <span class='ocrx_word' id='word_1_375' title='bbox 752 3112 998 3174; x_wconf 83' lang='lat' dir='ltr'><strong>aniaui,</strong></span> <span class='ocrx_word' id='word_1_376' title='bbox 1037 3112 1320 3172; x_wconf 82' lang='lat' dir='ltr'><strong>Marciani,</strong></span> <span class='ocrx_word' id='word_1_377' title='bbox 1358 3110 1587 3165; x_wconf 82' lang='lat' dir='ltr'><strong>Floriaui</strong></span> <span class='ocrx_word' id='word_1_378' title='bbox 1609 3152 1626 3173; x_wconf 91' lang='lat'><strong>,</strong></span> <span class='ocrx_word' id='word_1_379' title='bbox 1662 3112 1829 3165; x_wconf 87' lang='lat' dir='ltr'><strong>Lttcii.</strong></span> <span class='ocrx_word' id='word_1_380' title='bbox 1859 3112 1996 3165; x_wconf 85' lang='lat' dir='ltr'><strong>Alibi</strong></span> 
     </span>
    </p>
   </div>
   <div class='ocr_carea' id='block_1_56' title="bbox 426 3179 1994 3247">
    <p class='ocr_par' dir='ltr' id='par_1_56' title="bbox 426 3179 1994 3247">
     <span class='ocr_line' id='line_1_56' title="bbox 426 3179 1994 3247; baseline 0.002 -16"><span class='ocrx_word' id='word_1_381' title='bbox 426 3181 486 3232; x_wconf 77' lang='lat' dir='ltr'><strong>S.</strong></span> <span class='ocrx_word' id='word_1_382' title='bbox 520 3179 804 3232; x_wconf 85' lang='lat' dir='ltr'><strong>Florentii.</strong></span> <span class='ocrx_word' id='word_1_383' title='bbox 827 3181 910 3245; x_wconf 64' lang='lat'><strong>(1.,</strong></span> <span class='ocrx_word' id='word_1_384' title='bbox 946 3180 1128 3232; x_wconf 76' lang='lat' dir='ltr'><strong>Homzc</strong></span> <span class='ocrx_word' id='word_1_385' title='bbox 1156 3222 1169 3243; x_wconf 94' lang='lat'><strong>,</strong></span> <span class='ocrx_word' id='word_1_386' title='bbox 1200 3182 1437 3233; x_wconf 82' lang='lat' dir='ltr'><strong>Martiaui</strong></span> <span class='ocrx_word' id='word_1_387' title='bbox 1460 3222 1472 3243; x_wconf 94' lang='lat'><strong>,</strong></span> <span class='ocrx_word' id='word_1_388' title='bbox 1509 3181 1652 3236; x_wconf 81' lang='lat' dir='ltr'><strong>Ltttii</strong></span> <span class='ocrx_word' id='word_1_389' title='bbox 1674 3222 1688 3247; x_wconf 97' lang='lat'><strong>,</strong></span> <span class='ocrx_word' id='word_1_390' title='bbox 1721 3182 1994 3235; x_wconf 85' lang='lat' dir='ltr'><strong>Florentii.</strong></span> 
     </span>
    </p>
   </div>
   <div class='ocr_carea' id='block_1_57' title="bbox 427 3248 1993 3313">
    <p class='ocr_par' dir='ltr' id='par_1_57' title="bbox 427 3248 1993 3313">
     <span class='ocr_line' id='line_1_57' title="bbox 427 3248 1993 3313; baseline 0.002 -12"><span class='ocrx_word' id='word_1_391' title='bbox 427 3254 492 3301; x_wconf 84' lang='lat' dir='ltr'><strong>A.</strong></span> <span class='ocrx_word' id='word_1_392' title='bbox 521 3248 583 3301; x_wconf 89' lang='grc' dir='ltr'><strong>Τ.</strong></span> <span class='ocrx_word' id='word_1_393' title='bbox 618 3248 701 3312; x_wconf 89' lang='lat' dir='ltr'><strong>L.,</strong></span> <span class='ocrx_word' id='word_1_394' title='bbox 738 3250 789 3302; x_wconf 94' lang='lat' dir='ltr'><strong>In</strong></span> <span class='ocrx_word' id='word_1_395' title='bbox 826 3250 1067 3303; x_wconf 78' lang='lat' dir='ltr'><strong>Sardinia</strong></span> <span class='ocrx_word' id='word_1_396' title='bbox 1112 3248 1213 3305; x_wconf 89' lang='lat' dir='ltr'><strong>SS.</strong></span> <span class='ocrx_word' id='word_1_397' title='bbox 1243 3249 1407 3313; x_wconf 86' lang='lat' dir='ltr'><strong>Victi,</strong></span> <span class='ocrx_word' id='word_1_398' title='bbox 1462 3252 1599 3304; x_wconf 80' lang='lat' dir='ltr'><strong>l’roti</strong></span> <span class='ocrx_word' id='word_1_399' title='bbox 1639 3262 1693 3304; x_wconf 90' lang='lat' dir='ltr'><strong>et</strong></span> <span class='ocrx_word' id='word_1_400' title='bbox 1721 3250 1993 3306; x_wconf 84' lang='lat' dir='ltr'><strong>Florentii.</strong></span> 
     </span>
    </p>
   </div>
   <div class='ocr_carea' id='block_1_58' title="bbox 425 3316 2916 3411">
    <p class='ocr_par' dir='ltr' id='par_1_58' title="bbox 425 3316 2916 3411">
     <span class='ocr_line' id='line_1_58' title="bbox 425 3316 2916 3411; baseline -0.001 0"><span class='ocrx_word' id='word_1_401' title='bbox 425 3316 516 3411; x_wconf 41' lang='lat' dir='ltr'><strong>.T-i</strong></span> <span class='ocrx_word' id='word_1_402' title='bbox 537 3318 1319 3411; x_wconf 55' lang='lat' dir='ltr'><strong>issinea01&#39;e}9.r}9..&#39;:9m.16</strong></span> <span class='ocrx_word' id='word_1_403' title='bbox 1340 3319 1992 3411; x_wconf 44' lang='lat' dir='ltr'><strong>eiectae!“testarie-</strong></span> <span class='ocrx_word' id='word_1_404' title='bbox 2026 3350 2070 3411; x_wconf 81' lang='lat' dir='ltr'><strong>c</strong></span> <span class='ocrx_word' id='word_1_405' title='bbox 2104 3341 2237 3392; x_wconf 68' lang='grc' dir='ltr'><strong>οοιιε</strong></span> <span class='ocrx_word' id='word_1_406' title='bbox 2291 3340 2555 3407; x_wconf 64' lang='lat' dir='ltr'><strong>lapidibus</strong></span> <span class='ocrx_word' id='word_1_407' title='bbox 2604 3343 2916 3411; x_wconf 57' lang='lat' dir='ltr'><strong>supposita.</strong></span> 
     </span>
    </p>
   </div>
   <div class='ocr_carea' id='block_1_59' title="bbox 429 3387 1993 3455">
    <p class='ocr_par' dir='ltr' id='par_1_59' title="bbox 429 3387 1993 3455">
     <span class='ocr_line' id='line_1_59' title="bbox 429 3387 1993 3455; baseline -0.001 -13"><span class='ocrx_word' id='word_1_408' title='bbox 429 3387 518 3454; x_wconf 86' lang='lat' dir='ltr'><strong>L.,</strong></span> <span class='ocrx_word' id='word_1_409' title='bbox 552 3388 669 3455; x_wconf 92' lang='lat' dir='ltr'><strong>lpso</strong></span> <span class='ocrx_word' id='word_1_410' title='bbox 695 3389 782 3442; x_wconf 87' lang='lat' dir='ltr'><strong>die</strong></span> <span class='ocrx_word' id='word_1_411' title='bbox 809 3389 864 3440; x_wconf 91' lang='lat' dir='ltr'><strong>S.</strong></span> <span class='ocrx_word' id='word_1_412' title='bbox 893 3398 914 3425; x_wconf 78' lang='grc' dir='ltr'><strong>σ</strong></span> <span class='ocrx_word' id='word_1_413' title='bbox 938 3388 1221 3441; x_wconf 75' lang='lat' dir='ltr'><strong>ltictrudis.</strong></span> <span class='ocrx_word' id='word_1_414' title='bbox 1250 3389 1333 3452; x_wconf 73' lang='lat'><strong>8.,</strong></span> <span class='ocrx_word' id='word_1_415' title='bbox 1360 3389 1543 3443; x_wconf 88' lang='lat' dir='ltr'><strong>Natale</strong></span> <span class='ocrx_word' id='word_1_416' title='bbox 1570 3391 1667 3444; x_wconf 87' lang='lat' dir='ltr'><strong>SS.</strong></span> <span class='ocrx_word' id='word_1_417' title='bbox 1694 3387 1993 3455; x_wconf 81' lang='lat' dir='ltr'><strong>Mariniani,</strong></span> 
     </span>
    </p>
   </div>
   <div class='ocr_carea' id='block_1_60' title="bbox 430 3457 2000 3527">
    <p class='ocr_par' dir='ltr' id='par_1_60' title="bbox 430 3457 2000 3527">
     <span class='ocr_line' id='line_1_60' title="bbox 430 3457 2000 3527; baseline 0.001 -17"><span class='ocrx_word' id='word_1_418' title='bbox 430 3458 603 3523; x_wconf 74' lang='lat' dir='ltr'><strong>Lucii,</strong></span> <span class='ocrx_word' id='word_1_419' title='bbox 637 3458 792 3511; x_wconf 86' lang='lat' dir='ltr'><strong>Victi.</strong></span> <span class='ocrx_word' id='word_1_420' title='bbox 827 3457 879 3511; x_wconf 93' lang='lat' dir='ltr'><strong>In</strong></span> <span class='ocrx_word' id='word_1_421' title='bbox 915 3459 1161 3511; x_wconf 73' lang='lat' dir='ltr'><strong>Sardinia</strong></span> <span class='ocrx_word' id='word_1_422' title='bbox 1195 3462 1369 3511; x_wconf 80' lang='lat' dir='ltr'><strong>natale</strong></span> <span class='ocrx_word' id='word_1_423' title='bbox 1400 3461 1457 3514; x_wconf 89' lang='lat' dir='ltr'><strong>S.</strong></span> <span class='ocrx_word' id='word_1_424' title='bbox 1491 3460 1707 3513; x_wconf 86' lang='lat' dir='ltr'><strong>Floriui.</strong></span> <span class='ocrx_word' id='word_1_425' title='bbox 1744 3461 1797 3512; x_wconf 89' lang='lat' dir='ltr'><strong>In</strong></span> <span class='ocrx_word' id='word_1_426' title='bbox 1832 3460 2000 3527; x_wconf 85' lang='lat' dir='ltr'><strong>Phry-</strong></span> 
     </span>
    </p>
   </div>
   <div class='ocr_carea' id='block_1_61' title="bbox 429 3527 1997 3597">
    <p class='ocr_par' dir='ltr' id='par_1_61' title="bbox 429 3527 1997 3597">
     <span class='ocr_line' id='line_1_61' title="bbox 429 3527 1997 3597; baseline 0.003 -19"><span class='ocrx_word' id='word_1_427' title='bbox 429 3530 513 3595; x_wconf 77' lang='lat' dir='ltr'><strong>gia</strong></span> <span class='ocrx_word' id='word_1_428' title='bbox 538 3528 632 3581; x_wconf 87' lang='lat' dir='ltr'><strong>SS.</strong></span> <span class='ocrx_word' id='word_1_429' title='bbox 655 3527 833 3593; x_wconf 86' lang='lat' dir='ltr'><strong>Tarci,</strong></span> <span class='ocrx_word' id='word_1_430' title='bbox 860 3527 883 3563; x_wconf 74' lang='grc' dir='ltr'>ἀ</span> <span class='ocrx_word' id='word_1_431' title='bbox 909 3528 1209 3597; x_wconf 81' lang='lat' dir='ltr'><strong>l’olycarpi,</strong></span> <span class='ocrx_word' id='word_1_432' title='bbox 1237 3528 1405 3596; x_wconf 81' lang='lat' dir='ltr'><strong>Gagii,</strong></span> <span class='ocrx_word' id='word_1_433' title='bbox 1436 3531 1679 3592; x_wconf 82' lang='lat' dir='ltr'><strong>Metrohi,</strong></span> <span class='ocrx_word' id='word_1_434' title='bbox 1707 3530 1997 3583; x_wconf 68' lang='lat' dir='ltr'><strong>Eumenia&#39;.</strong></span> 
     </span>
    </p>
   </div>
   <div class='ocr_carea' id='block_1_62' title="bbox 500 3630 2003 3700">
    <p class='ocr_par' dir='ltr' id='par_1_62' title="bbox 500 3630 2003 3700">
     <span class='ocr_line' id='line_1_62' title="bbox 500 3630 2003 3700; baseline 0.002 -18"><span class='ocrx_word' id='word_1_435' title='bbox 500 3630 682 3685; x_wconf 68' lang='lat'><strong>28.-—</strong></span> <span class='ocrx_word' id='word_1_436' title='bbox 709 3631 746 3683; x_wconf 88' lang='lat' dir='ltr'><strong>V</strong></span> <span class='ocrx_word' id='word_1_437' title='bbox 776 3630 909 3685; x_wconf 74' lang='lat' dir='ltr'><strong>Kac.</strong></span> <span class='ocrx_word' id='word_1_438' title='bbox 945 3631 1129 3686; x_wconf 87' lang='lat' dir='ltr'><strong>Natale</strong></span> <span class='ocrx_word' id='word_1_439' title='bbox 1177 3640 1483 3685; x_wconf 86' lang='lat' dir='ltr'><strong>sanctorum</strong></span> <span class='ocrx_word' id='word_1_440' title='bbox 1524 3632 1887 3700; x_wconf 86' lang='lat' dir='ltr'><strong>apostolorum</strong></span> <span class='ocrx_word' id='word_1_441' title='bbox 1921 3631 2003 3687; x_wconf 90' lang='lat' dir='ltr'><strong>Si-</strong></span> 
     </span>
    </p>
   </div>
   <div class='ocr_carea' id='block_1_63' title="bbox 428 3721 934 3777">
    <p class='ocr_par' dir='ltr' id='par_1_63' title="bbox 428 3721 934 3777">
     <span class='ocr_line' id='line_1_63' title="bbox 428 3721 934 3777; baseline 0 -1"><span class='ocrx_word' id='word_1_442' title='bbox 428 3721 601 3776; x_wconf 92' lang='lat' dir='ltr'><strong>monis</strong></span> <span class='ocrx_word' id='word_1_443' title='bbox 629 3731 683 3777; x_wconf 89' lang='lat' dir='ltr'><strong>et</strong></span> <span class='ocrx_word' id='word_1_444' title='bbox 712 3721 934 3777; x_wconf 84' lang='lat' dir='ltr'><strong>Thadei.</strong></span> 
     </span>
    </p>
   </div>
   <div class='ocr_carea' id='block_1_64' title="bbox 501 3810 2002 3879">
    <p class='ocr_par' dir='ltr' id='par_1_64' title="bbox 501 3810 2002 3879">
     <span class='ocr_line' id='line_1_64' title="bbox 501 3810 2002 3879; baseline 0 -13"><span class='ocrx_word' id='word_1_445' title='bbox 501 3813 727 3866; x_wconf 82' lang='lat' dir='ltr'><strong>Additur</strong></span> <span class='ocrx_word' id='word_1_446' title='bbox 751 3816 799 3865; x_wconf 91' lang='lat' dir='ltr'><strong>in</strong></span> <span class='ocrx_word' id='word_1_447' title='bbox 824 3817 885 3866; x_wconf 88' lang='lat' dir='ltr'><strong>A.</strong></span> <span class='ocrx_word' id='word_1_448' title='bbox 912 3814 973 3866; x_wconf 86' lang='grc' dir='ltr'>Τ.</span> <span class='ocrx_word' id='word_1_449' title='bbox 1000 3813 1059 3865; x_wconf 89' lang='lat' dir='ltr'><strong>L.</strong></span> <span class='ocrx_word' id='word_1_450' title='bbox 1092 3830 1103 3864; x_wconf 87' lang='lat'><strong>:</strong></span> <span class='ocrx_word' id='word_1_451' title='bbox 1151 3813 1300 3879; x_wconf 86' lang='lat' dir='ltr'><strong>Quia</strong></span> <span class='ocrx_word' id='word_1_452' title='bbox 1328 3814 1641 3878; x_wconf 82' lang='lat' dir='ltr'><strong>templorum</strong></span> <span class='ocrx_word' id='word_1_453' title='bbox 1673 3810 2002 3878; x_wconf 84' lang='lat' dir='ltr'><strong>pontiﬁcibus</strong></span> 
     </span>
    </p>
   </div>
   <div class='ocr_carea' id='block_1_65' title="bbox 429 3881 1996 3951">
    <p class='ocr_par' dir='ltr' id='par_1_65' title="bbox 429 3881 1996 3951">
     <span class='ocr_line' id='line_1_65' title="bbox 429 3881 1996 3951; baseline -0.002 -14"><span class='ocrx_word' id='word_1_454' title='bbox 429 3884 592 3937; x_wconf 86' lang='lat' dir='ltr'><strong>occisi</strong></span> <span class='ocrx_word' id='word_1_455' title='bbox 623 3894 744 3934; x_wconf 91' lang='lat' dir='ltr'><strong>sunt</strong></span> <span class='ocrx_word' id='word_1_456' title='bbox 774 3884 823 3934; x_wconf 91' lang='lat' dir='ltr'><strong>in</strong></span> <span class='ocrx_word' id='word_1_457' title='bbox 854 3884 1048 3935; x_wconf 86' lang='lat' dir='ltr'><strong>Snanis</strong></span> <span class='ocrx_word' id='word_1_458' title='bbox 1071 3883 1285 3935; x_wconf 87' lang='lat' dir='ltr'><strong>civitate</strong></span> <span class='ocrx_word' id='word_1_459' title='bbox 1321 3897 1510 3950; x_wconf 88' lang='lat' dir='ltr'><strong>magna</strong></span> <span class='ocrx_word' id='word_1_460' title='bbox 1537 3884 1672 3951; x_wconf 89' lang='lat' dir='ltr'><strong>apud</strong></span> <span class='ocrx_word' id='word_1_461' title='bbox 1702 3881 1996 3936; x_wconf 85' lang='lat' dir='ltr'><strong>Persidaui.</strong></span> 
     </span>
    </p>
   </div>
   <div class='ocr_carea' id='block_1_66' title="bbox 432 3952 1810 4022">
    <p class='ocr_par' dir='ltr' id='par_1_66' title="bbox 432 3952 1810 4022">
     <span class='ocr_line' id='line_1_66' title="bbox 432 3952 1810 4022; baseline 0 -16"><span class='ocrx_word' id='word_1_462' title='bbox 432 3952 519 4017; x_wconf 72' lang='lat'><strong>13.,</strong></span> <span class='ocrx_word' id='word_1_463' title='bbox 550 3953 605 4006; x_wconf 87' lang='lat' dir='ltr'><strong>In</strong></span> <span class='ocrx_word' id='word_1_464' title='bbox 635 3955 852 4005; x_wconf 79' lang='lat' dir='ltr'><strong>civitate</strong></span> <span class='ocrx_word' id='word_1_465' title='bbox 881 3968 1068 4022; x_wconf 84' lang='lat' dir='ltr'><strong>magna</strong></span> <span class='ocrx_word' id='word_1_466' title='bbox 1095 3953 1317 4007; x_wconf 82' lang='lat' dir='ltr'><strong>Silantis</strong></span> <span class='ocrx_word' id='word_1_467' title='bbox 1345 3954 1482 4021; x_wconf 85' lang='lat' dir='ltr'><strong>apud</strong></span> <span class='ocrx_word' id='word_1_468' title='bbox 1513 3953 1810 4007; x_wconf 83' lang='lat' dir='ltr'><strong>Persidatn.</strong></span> 
     </span>
    </p>
   </div>
   <div class='ocr_carea' id='block_1_67' title="bbox 2172 2518 3663 2591">
    <p class='ocr_par' dir='ltr' id='par_1_67' title="bbox 2172 2518 3663 2591">
     <span class='ocr_line' id='line_1_67' title="bbox 2172 2518 3663 2591; baseline 0.003 -20"><span class='ocrx_word' id='word_1_469' title='bbox 2172 2518 2238 2572; x_wconf 86' lang='lat' dir='ltr'><strong>Et</strong></span> <span class='ocrx_word' id='word_1_470' title='bbox 2268 2518 2448 2575; x_wconf 63' lang='lat' dir='ltr'><strong>Nomm</strong></span> <span class='ocrx_word' id='word_1_471' title='bbox 2473 2520 2532 2576; x_wconf 89' lang='lat' dir='ltr'><strong>S.</strong></span> <span class='ocrx_word' id='word_1_472' title='bbox 2561 2520 2775 2591; x_wconf 70' lang='lat' dir='ltr'><strong>Cyrillre</strong></span> <span class='ocrx_word' id='word_1_473' title='bbox 2804 2522 2923 2577; x_wconf 74' lang='lat' dir='ltr'><strong>ﬁlia:</strong></span> <span class='ocrx_word' id='word_1_474' title='bbox 2957 2520 3104 2577; x_wconf 89' lang='lat' dir='ltr'><strong>Decii</strong></span> <span class='ocrx_word' id='word_1_475' title='bbox 3129 2521 3377 2588; x_wconf 67' lang='lat' dir='ltr'><strong>Caesaris,</strong></span> <span class='ocrx_word' id='word_1_476' title='bbox 3409 2535 3528 2591; x_wconf 66' lang='lat' dir='ltr'><strong>quae</strong></span> <span class='ocrx_word' id='word_1_477' title='bbox 3563 2522 3663 2576; x_wconf 89' lang='lat' dir='ltr'><strong>sub</strong></span> 
     </span>
    </p>
   </div>
   <div class='ocr_carea' id='block_1_68' title="bbox 2108 2606 3668 2681">
    <p class='ocr_par' dir='ltr' id='par_1_68' title="bbox 2108 2606 3668 2681">
     <span class='ocr_line' id='line_1_68' title="bbox 2108 2606 3668 2681; baseline 0.003 -21"><span class='ocrx_word' id='word_1_478' title='bbox 2108 2608 2131 2635; x_wconf 82' lang='lat'><strong><em>°</em></strong></span> <span class='ocrx_word' id='word_1_479' title='bbox 2156 2606 2381 2663; x_wconf 90' lang='lat' dir='ltr'><strong>Claudio</strong></span> <span class='ocrx_word' id='word_1_480' title='bbox 2413 2608 2647 2680; x_wconf 89' lang='lat' dir='ltr'><strong>principe</strong></span> <span class='ocrx_word' id='word_1_481' title='bbox 2682 2612 2916 2679; x_wconf 77' lang='lat' dir='ltr'><strong>iugulata</strong></span> <span class='ocrx_word' id='word_1_482' title='bbox 2946 2621 3001 2667; x_wconf 90' lang='lat' dir='ltr'><strong>et</strong></span> <span class='ocrx_word' id='word_1_483' title='bbox 3039 2622 3223 2667; x_wconf 90' lang='lat' dir='ltr'><strong>necata</strong></span> <span class='ocrx_word' id='word_1_484' title='bbox 3263 2621 3345 2667; x_wconf 87' lang='lat' dir='ltr'><strong>est</strong></span> <span class='ocrx_word' id='word_1_485' title='bbox 3371 2611 3545 2681; x_wconf 87' lang='lat' dir='ltr'><strong>gladio</strong></span> <span class='ocrx_word' id='word_1_486' title='bbox 3572 2630 3586 2665; x_wconf 91' lang='lat'><strong>:</strong></span> <span class='ocrx_word' id='word_1_487' title='bbox 3615 2622 3668 2667; x_wconf 88' lang='lat' dir='ltr'><strong>et</strong></span> 
     </span>
    </p>
   </div>
   <div class='ocr_carea' id='block_1_69' title="bbox 2101 2698 3666 2771">
    <p class='ocr_par' dir='ltr' id='par_1_69' title="bbox 2101 2698 3666 2771">
     <span class='ocr_line' id='line_1_69' title="bbox 2101 2698 3666 2771; baseline 0.002 -20"><span class='ocrx_word' id='word_1_488' title='bbox 2101 2698 2302 2765; x_wconf 85' lang='lat' dir='ltr'><strong>sepulta</strong></span> <span class='ocrx_word' id='word_1_489' title='bbox 2334 2714 2361 2751; x_wconf 88' lang='lat' dir='ltr'><strong>a</strong></span> <span class='ocrx_word' id='word_1_490' title='bbox 2413 2699 2620 2755; x_wconf 81' lang='lat' dir='ltr'><strong>Justino</strong></span> <span class='ocrx_word' id='word_1_491' title='bbox 2663 2701 2971 2771; x_wconf 88' lang='lat' dir='ltr'><strong>presbytero</strong></span> <span class='ocrx_word' id='word_1_492' title='bbox 3014 2715 3134 2756; x_wconf 92' lang='lat' dir='ltr'><strong>cum</strong></span> <span class='ocrx_word' id='word_1_493' title='bbox 3167 2713 3334 2757; x_wconf 89' lang='lat' dir='ltr'><strong>matre</strong></span> <span class='ocrx_word' id='word_1_494' title='bbox 3378 2718 3469 2755; x_wconf 88' lang='lat' dir='ltr'><strong>sua</strong></span> <span class='ocrx_word' id='word_1_495' title='bbox 3517 2702 3666 2769; x_wconf 80' lang='lat' dir='ltr'><strong>juxta</strong></span> 
     </span>
    </p>
   </div>
   <div class='ocr_carea' id='block_1_70' title="bbox 2102 2786 2559 2858">
    <p class='ocr_par' dir='ltr' id='par_1_70' title="bbox 2102 2786 2559 2858">
     <span class='ocr_line' id='line_1_70' title="bbox 2102 2786 2559 2858; baseline 0.002 -18"><span class='ocrx_word' id='word_1_496' title='bbox 2102 2787 2155 2840; x_wconf 87' lang='lat' dir='ltr'><strong>S.</strong></span> <span class='ocrx_word' id='word_1_497' title='bbox 2194 2786 2559 2858; x_wconf 89' lang='lat' dir='ltr'><strong>Hippolytum.</strong></span> 
     </span>
    </p>
   </div>
   <div class='ocr_carea' id='block_1_71' title="bbox 2177 2878 3669 2951">
    <p class='ocr_par' dir='ltr' id='par_1_71' title="bbox 2177 2878 3669 2951">
     <span class='ocr_line' id='line_1_71' title="bbox 2177 2878 3669 2951; baseline 0.001 -18"><span class='ocrx_word' id='word_1_498' title='bbox 2177 2878 2362 2933; x_wconf 82' lang='lat' dir='ltr'><strong>Florus</strong></span> <span class='ocrx_word' id='word_1_499' title='bbox 2394 2883 2443 2933; x_wconf 92' lang='lat' dir='ltr'><strong>in</strong></span> <span class='ocrx_word' id='word_1_500' title='bbox 2472 2880 2539 2935; x_wconf 83' lang='lat' dir='ltr'><strong>A.</strong></span> <span class='ocrx_word' id='word_1_501' title='bbox 2569 2880 2632 2934; x_wconf 88' lang='grc' dir='ltr'><strong>Τ.</strong></span> <span class='ocrx_word' id='word_1_502' title='bbox 2661 2881 2744 2946; x_wconf 86' lang='lat' dir='ltr'><strong>L.,</strong></span> <span class='ocrx_word' id='word_1_503' title='bbox 2781 2882 2899 2951; x_wconf 91' lang='lat' dir='ltr'><strong>Ipso</strong></span> <span class='ocrx_word' id='word_1_504' title='bbox 2926 2882 3011 2935; x_wconf 89' lang='lat' dir='ltr'><strong>die</strong></span> <span class='ocrx_word' id='word_1_505' title='bbox 3056 2882 3235 2951; x_wconf 88' lang='lat' dir='ltr'><strong>passio</strong></span> <span class='ocrx_word' id='word_1_506' title='bbox 3271 2882 3373 2939; x_wconf 85' lang='lat' dir='ltr'><strong>SS.</strong></span> <span class='ocrx_word' id='word_1_507' title='bbox 3404 2880 3423 2918; x_wconf 67' lang='grc' dir='ltr'><em>τ</em></span> <span class='ocrx_word' id='word_1_508' title='bbox 3446 2882 3669 2937; x_wconf 87' lang='lat' dir='ltr'><strong>Vincen-</strong></span> 
     </span>
    </p>
   </div>
   <div class='ocr_carea' id='block_1_72' title="bbox 2108 2968 3670 3040">
    <p class='ocr_par' dir='ltr' id='par_1_72' title="bbox 2108 2968 3670 3040">
     <span class='ocr_line' id='line_1_72' title="bbox 2108 2968 3670 3040; baseline 0.003 -19"><span class='ocrx_word' id='word_1_509' title='bbox 2108 2968 2162 3021; x_wconf 93' lang='lat' dir='ltr'><strong>tii</strong></span> <span class='ocrx_word' id='word_1_510' title='bbox 2192 3007 2208 3032; x_wconf 89' lang='lat'><strong>,</strong></span> <span class='ocrx_word' id='word_1_511' title='bbox 2238 2968 2449 3022; x_wconf 76' lang='lat' dir='ltr'><strong>Sabium</strong></span> <span class='ocrx_word' id='word_1_512' title='bbox 2492 2979 2546 3024; x_wconf 84' lang='lat' dir='ltr'><strong>et</strong></span> <span class='ocrx_word' id='word_1_513' title='bbox 2574 2969 2893 3038; x_wconf 64' lang='lat' dir='ltr'><strong>Christetm,</strong></span> <span class='ocrx_word' id='word_1_514' title='bbox 2936 2972 3023 3040; x_wconf 93' lang='lat' dir='ltr'><strong>qni</strong></span> <span class='ocrx_word' id='word_1_515' title='bbox 3076 2972 3216 3040; x_wconf 87' lang='lat' dir='ltr'><strong>passi</strong></span> <span class='ocrx_word' id='word_1_516' title='bbox 3267 2982 3391 3026; x_wconf 89' lang='lat' dir='ltr'><strong>sunt</strong></span> <span class='ocrx_word' id='word_1_517' title='bbox 3440 2973 3493 3025; x_wconf 91' lang='lat' dir='ltr'><strong>in</strong></span> <span class='ocrx_word' id='word_1_518' title='bbox 3541 2972 3670 3025; x_wconf 83' lang='lat' dir='ltr'><strong>urbe</strong></span> 
     </span>
    </p>
   </div>
   <div class='ocr_carea' id='block_1_73' title="bbox 2104 3063 3674 3135">
    <p class='ocr_par' dir='ltr' id='par_1_73' title="bbox 2104 3063 3674 3135">
     <span class='ocr_line' id='line_1_73' title="bbox 2104 3063 3674 3135; baseline 0.002 -20"><span class='ocrx_word' id='word_1_519' title='bbox 2104 3063 2276 3116; x_wconf 85' lang='lat' dir='ltr'><strong>Avila.</strong></span> <span class='ocrx_word' id='word_1_520' title='bbox 2304 3063 2403 3128; x_wconf 85' lang='lat' dir='ltr'><strong>Qui</strong></span> <span class='ocrx_word' id='word_1_521' title='bbox 2427 3064 2734 3133; x_wconf 83' lang='lat' dir='ltr'><strong>singillatim</strong></span> <span class='ocrx_word' id='word_1_522' title='bbox 2763 3080 2970 3119; x_wconf 89' lang='lat' dir='ltr'><strong>sursum</strong></span> <span class='ocrx_word' id='word_1_523' title='bbox 2996 3081 3059 3120; x_wconf 89' lang='lat' dir='ltr'><strong>ac</strong></span> <span class='ocrx_word' id='word_1_524' title='bbox 3085 3067 3335 3121; x_wconf 91' lang='lat' dir='ltr'><strong>deorsum</strong></span> <span class='ocrx_word' id='word_1_525' title='bbox 3365 3068 3415 3120; x_wconf 90' lang='lat' dir='ltr'><strong>in</strong></span> <span class='ocrx_word' id='word_1_526' title='bbox 3444 3070 3674 3135; x_wconf 89' lang='lat' dir='ltr'><strong>equuleo</strong></span> 
     </span>
    </p>
   </div>
   <div class='ocr_carea' id='block_1_74' title="bbox 2101 3157 3669 3229">
    <p class='ocr_par' dir='ltr' id='par_1_74' title="bbox 2101 3157 3669 3229">
     <span class='ocr_line' id='line_1_74' title="bbox 2101 3157 3669 3229; baseline 0.003 -21"><span class='ocrx_word' id='word_1_527' title='bbox 2101 3166 2224 3208; x_wconf 88' lang='lat' dir='ltr'><strong>sunt</strong></span> <span class='ocrx_word' id='word_1_528' title='bbox 2265 3158 2511 3221; x_wconf 86' lang='lat' dir='ltr'><strong>extensi,</strong></span> <span class='ocrx_word' id='word_1_529' title='bbox 2542 3157 2849 3212; x_wconf 87' lang='lat' dir='ltr'><strong>divaricatis</strong></span> <span class='ocrx_word' id='word_1_530' title='bbox 2887 3160 3249 3215; x_wconf 88' lang='lat' dir='ltr'><strong>membrorum</strong></span> <span class='ocrx_word' id='word_1_531' title='bbox 3284 3162 3630 3229; x_wconf 78' lang='lat' dir='ltr'><strong>compagibus</strong></span> <span class='ocrx_word' id='word_1_532' title='bbox 3656 3203 3669 3224; x_wconf 94' lang='lat'><strong>,</strong></span> 
     </span>
    </p>
   </div>
   <div class='ocr_carea' id='block_1_75' title="bbox 2107 3249 3669 3317">
    <p class='ocr_par' dir='ltr' id='par_1_75' title="bbox 2107 3249 3669 3317">
     <span class='ocr_line' id='line_1_75' title="bbox 2107 3249 3669 3317; baseline 0.003 -17"><span class='ocrx_word' id='word_1_533' title='bbox 2107 3258 2160 3300; x_wconf 88' lang='lat' dir='ltr'><strong>et</strong></span> <span class='ocrx_word' id='word_1_534' title='bbox 2190 3249 2436 3317; x_wconf 80' lang='lat' dir='ltr'><strong>diSsipati</strong></span> <span class='ocrx_word' id='word_1_535' title='bbox 2468 3251 2802 3305; x_wconf 86' lang='lat' dir='ltr'><strong>verberibus.</strong></span> <span class='ocrx_word' id='word_1_536' title='bbox 2840 3253 2903 3305; x_wconf 85' lang='lat' dir='ltr'><strong>Et</strong></span> <span class='ocrx_word' id='word_1_537' title='bbox 2931 3267 3050 3305; x_wconf 86' lang='lat' dir='ltr'><strong>cum</strong></span> <span class='ocrx_word' id='word_1_538' title='bbox 3102 3268 3200 3306; x_wconf 90' lang='lat' dir='ltr'><strong>nec</strong></span> <span class='ocrx_word' id='word_1_539' title='bbox 3236 3254 3312 3307; x_wconf 90' lang='lat' dir='ltr'><strong>sic</strong></span> <span class='ocrx_word' id='word_1_540' title='bbox 3339 3253 3669 3316; x_wconf 88' lang='lat' dir='ltr'><strong>deﬁcerent,</strong></span> 
     </span>
    </p>
   </div>
   <div class='ocr_carea' id='block_1_76' title="bbox 2979 3343 3673 3413">
    <p class='ocr_par' dir='ltr' id='par_1_76' title="bbox 2979 3343 3673 3413">
     <span class='ocr_line' id='line_1_76' title="bbox 2979 3343 3673 3413; baseline 0.003 -18"><span class='ocrx_word' id='word_1_541' title='bbox 2979 3343 3115 3398; x_wconf 81' lang='lat' dir='ltr'><strong>fuste</strong></span> <span class='ocrx_word' id='word_1_542' title='bbox 3173 3345 3400 3413; x_wconf 90' lang='lat' dir='ltr'><strong>desuper</strong></span> <span class='ocrx_word' id='word_1_543' title='bbox 3453 3345 3673 3400; x_wconf 87' lang='lat' dir='ltr'><strong>cerebro</strong></span> 
     </span>
    </p>
   </div>
   <div class='ocr_carea' id='block_1_77' title="bbox 2105 3424 3675 3504">
    <p class='ocr_par' dir='ltr' id='par_1_77' title="bbox 2105 3424 3675 3504">
     <span class='ocr_line' id='line_1_77' title="bbox 2105 3424 3675 3504; baseline 0.003 -22"><span class='ocrx_word' id='word_1_544' title='bbox 2105 3424 2285 3494; x_wconf 84' lang='lat' dir='ltr'><strong>illisu,</strong></span> <span class='ocrx_word' id='word_1_545' title='bbox 2335 3432 2429 3485; x_wconf 92' lang='lat' dir='ltr'><strong>tali</strong></span> <span class='ocrx_word' id='word_1_546' title='bbox 2484 3435 2742 3503; x_wconf 85' lang='lat' dir='ltr'><strong>martyrio</strong></span> <span class='ocrx_word' id='word_1_547' title='bbox 2788 3435 3183 3501; x_wconf 91' lang='lat' dir='ltr'><strong>consummati,</strong></span> <span class='ocrx_word' id='word_1_548' title='bbox 3229 3437 3426 3504; x_wconf 90' lang='lat' dir='ltr'><strong>pariter</strong></span> <span class='ocrx_word' id='word_1_549' title='bbox 3471 3436 3675 3490; x_wconf 87' lang='lat' dir='ltr'><strong>animas</strong></span> 
     </span>
    </p>
   </div>
   <div class='ocr_carea' id='block_1_78' title="bbox 2106 3520 2456 3575">
    <p class='ocr_par' dir='ltr' id='par_1_78' title="bbox 2106 3520 2456 3575">
     <span class='ocr_line' id='line_1_78' title="bbox 2106 3520 2456 3575; baseline 0.003 -2"><span class='ocrx_word' id='word_1_550' title='bbox 2106 3520 2456 3575; x_wconf 87' lang='lat' dir='ltr'><strong>tradiderunt.</strong></span> 
     </span>
    </p>
   </div>
   <div class='ocr_carea' id='block_1_79' title="bbox 2106 3610 3679 3735">
    <p class='ocr_par' dir='ltr' id='par_1_79' title="bbox 2106 3610 3679 3735">
     <span class='ocr_line' id='line_1_79' title="bbox 2106 3610 3679 3735; baseline 0.003 -72"><span class='ocrx_word' id='word_1_551' title='bbox 2106 3682 2129 3735; x_wconf 61' lang='lat' dir='ltr'><strong>f</strong></span> <span class='ocrx_word' id='word_1_552' title='bbox 2178 3610 2343 3692; x_wconf 40' lang='lat' dir='ltr'><strong>ll.,.ln</strong></span> <span class='ocrx_word' id='word_1_553' title='bbox 2376 3610 2697 3683; x_wconf 88' lang='lat' dir='ltr'><strong>Carthagine</strong></span> <span class='ocrx_word' id='word_1_554' title='bbox 2738 3614 2796 3668; x_wconf 89' lang='lat' dir='ltr'><strong>S.</strong></span> <span class='ocrx_word' id='word_1_555' title='bbox 2824 3612 3130 3669; x_wconf 83' lang='lat' dir='ltr'><strong>Suﬁ&#39;ratiani</strong></span> <span class='ocrx_word' id='word_1_556' title='bbox 3172 3624 3225 3669; x_wconf 87' lang='lat' dir='ltr'><strong>et</strong></span> <span class='ocrx_word' id='word_1_557' title='bbox 3254 3615 3311 3669; x_wconf 93' lang='lat' dir='ltr'><strong>S.</strong></span> <span class='ocrx_word' id='word_1_558' title='bbox 3343 3615 3507 3669; x_wconf 80' lang='lat' dir='ltr'><strong>Rituti</strong></span> <span class='ocrx_word' id='word_1_559' title='bbox 3547 3630 3679 3669; x_wconf 88' lang='lat' dir='ltr'><strong>con-</strong></span> 
     </span>
     <span class='ocr_line' id='line_1_80' title="bbox 2127 3697 2340 3735; baseline 0 0"><span class='ocrx_word' id='word_1_560' title='bbox 2127 3697 2340 3735; x_wconf 84' lang='lat' dir='ltr'><strong>essoris.</strong></span> 
     </span>
    </p>
   </div>
   <div class='ocr_carea' id='block_1_80' title="bbox 2127 3697 2340 3735">
    <p class='ocr_par' dir='ltr' id='par_1_80' title="bbox 2127 3697 2340 3735">
     <span class='ocr_line' id='line_1_81' title="bbox 2127 3697 2340 3735; baseline 0 0"><span class='ocrx_word' id='word_1_561' title='bbox 2127 3697 2340 3735; x_wconf 73' lang='lat' dir='ltr'><strong>CSSOI‘IS.</strong></span> 
     </span>
    </p>
   </div>
   <div class='ocr_carea' id='block_1_81' title="bbox 2177 3772 3022 3832">
    <p class='ocr_par' dir='ltr' id='par_1_81' title="bbox 2177 3772 3022 3832">
     <span class='ocr_line' id='line_1_82' title="bbox 2177 3772 3022 3832; baseline 0.009 -8"><span class='ocrx_word' id='word_1_562' title='bbox 2177 3772 2267 3825; x_wconf 68' lang='lat'><strong>29.</strong></span> <span class='ocrx_word' id='word_1_563' title='bbox 2290 3801 2358 3812; x_wconf 90' lang='lat'><strong>——</strong></span> <span class='ocrx_word' id='word_1_564' title='bbox 2388 3772 2451 3826; x_wconf 89' lang='lat' dir='ltr'><strong>IV</strong></span> <span class='ocrx_word' id='word_1_565' title='bbox 2479 3772 2614 3829; x_wconf 67' lang='lat' dir='ltr'><strong>Kac.</strong></span> <span class='ocrx_word' id='word_1_566' title='bbox 2651 3773 2813 3830; x_wconf 86' lang='lat' dir='ltr'><strong>Vacat</strong></span> <span class='ocrx_word' id='word_1_567' title='bbox 2844 3778 3022 3832; x_wconf 68' lang='lat' dir='ltr'><strong>Baeda.</strong></span> 
     </span>
    </p>
   </div>
   <div class='ocr_carea' id='block_1_82' title="bbox 2182 3860 3678 3927">
    <p class='ocr_par' dir='ltr' id='par_1_82' title="bbox 2182 3860 3678 3927">
     <span class='ocr_line' id='line_1_83' title="bbox 2182 3860 3678 3927; baseline 0.003 -14"><span class='ocrx_word' id='word_1_568' title='bbox 2182 3860 2368 3916; x_wconf 68' lang='lat' dir='ltr'><strong>Florus</strong></span> <span class='ocrx_word' id='word_1_569' title='bbox 2413 3864 2465 3916; x_wconf 93' lang='lat' dir='ltr'><strong>in</strong></span> <span class='ocrx_word' id='word_1_570' title='bbox 2496 3865 2564 3916; x_wconf 84' lang='lat' dir='ltr'><strong>A.</strong></span> <span class='ocrx_word' id='word_1_571' title='bbox 2594 3863 2659 3919; x_wconf 91' lang='grc' dir='ltr'><strong>Τ.</strong></span> <span class='ocrx_word' id='word_1_572' title='bbox 2694 3866 2777 3927; x_wconf 87' lang='lat' dir='ltr'><strong>L.,</strong></span> <span class='ocrx_word' id='word_1_573' title='bbox 2811 3866 3011 3922; x_wconf 83' lang='lat' dir='ltr'><strong>Eodem</strong></span> <span class='ocrx_word' id='word_1_574' title='bbox 3060 3867 3148 3922; x_wconf 90' lang='lat' dir='ltr'><strong>die</strong></span> <span class='ocrx_word' id='word_1_575' title='bbox 3194 3868 3367 3922; x_wconf 88' lang='lat' dir='ltr'><strong>natale</strong></span> <span class='ocrx_word' id='word_1_576' title='bbox 3414 3866 3472 3921; x_wconf 93' lang='lat' dir='ltr'><strong>S.</strong></span> <span class='ocrx_word' id='word_1_577' title='bbox 3504 3865 3678 3919; x_wconf 66' lang='lat' dir='ltr'><strong>lzPon-</strong></span> 
     </span>
    </p>
   </div>
   <div class='ocr_carea' id='block_1_83' title="bbox 2114 3950 3680 4025">
    <p class='ocr_par' dir='ltr' id='par_1_83' title="bbox 2114 3950 3680 4025">
     <span class='ocr_line' id='line_1_84' title="bbox 2114 3950 3680 4025; baseline 0.003 -23"><span class='ocrx_word' id='word_1_578' title='bbox 2114 3950 2239 4003; x_wconf 88' lang='lat' dir='ltr'><strong>tiani</strong></span> <span class='ocrx_word' id='word_1_579' title='bbox 2273 3967 2422 4021; x_wconf 72' lang='lat' dir='ltr'><strong>papa:</strong></span> <span class='ocrx_word' id='word_1_580' title='bbox 2468 3961 2521 4006; x_wconf 89' lang='lat' dir='ltr'><strong>et</strong></span> <span class='ocrx_word' id='word_1_581' title='bbox 2552 3955 2835 4022; x_wconf 87' lang='lat' dir='ltr'><strong>martyris:</strong></span> <span class='ocrx_word' id='word_1_582' title='bbox 2865 3956 2957 4025; x_wconf 88' lang='lat' dir='ltr'><strong>qui</strong></span> <span class='ocrx_word' id='word_1_583' title='bbox 3002 3958 3070 4012; x_wconf 89' lang='lat' dir='ltr'><strong>ab</strong></span> <span class='ocrx_word' id='word_1_584' title='bbox 3100 3957 3404 4013; x_wconf 78' lang='lat' dir='ltr'><strong>Alexandro</strong></span> <span class='ocrx_word' id='word_1_585' title='bbox 3449 3957 3680 4025; x_wconf 83' lang='lat' dir='ltr'><strong>impera-</strong></span> 
     </span>
    </p>
   </div>
   <div class='ocr_carea' id='block_1_84' title="bbox 1818 4043 2290 4101">
    <p class='ocr_par' dir='ltr' id='par_1_84' title="bbox 1818 4043 2290 4101">
     <span class='ocr_line' id='line_1_85' title="bbox 1818 4043 2290 4101; baseline -0.006 0"><span class='ocrx_word' id='word_1_586' title='bbox 1818 4043 2023 4101; x_wconf 83' lang='lat' dir='ltr'><strong>SMITH</strong></span> <span class='ocrx_word' id='word_1_587' title='bbox 2064 4045 2290 4099; x_wconf 70' lang='lat' dir='ltr'><strong>NOTAE.</strong></span> 
     </span>
    </p>
   </div>
   <div class='ocr_carea' id='block_1_85' title="bbox 504 4130 1995 4203">
    <p class='ocr_par' dir='ltr' id='par_1_85' title="bbox 504 4130 1995 4203">
     <span class='ocr_line' id='line_1_86' title="bbox 504 4130 1995 4203; baseline 0.002 -17"><span class='ocrx_word' id='word_1_588' title='bbox 504 4130 793 4203; x_wconf 72' lang='lat' dir='ltr'><strong>“Evarisli.</strong></span> <span class='ocrx_word' id='word_1_589' title='bbox 830 4130 924 4184; x_wconf 88' lang='lat' dir='ltr'><strong>llic</strong></span> <span class='ocrx_word' id='word_1_590' title='bbox 964 4131 1061 4185; x_wconf 83' lang='lat' dir='ltr'><strong>fuit</strong></span> <span class='ocrx_word' id='word_1_591' title='bbox 1103 4132 1313 4187; x_wconf 90' lang='lat' dir='ltr'><strong>natione</strong></span> <span class='ocrx_word' id='word_1_592' title='bbox 1341 4132 1579 4199; x_wconf 66' lang='lat' dir='ltr'><strong>Graecus,</strong></span> <span class='ocrx_word' id='word_1_593' title='bbox 1615 4135 1995 4203; x_wconf 85' lang='lat' dir='ltr'><strong>Antiochenus,</strong></span> 
     </span>
    </p>
   </div>
   <div class='ocr_carea' id='block_1_86' title="bbox 432 4200 1995 4272">
    <p class='ocr_par' dir='ltr' id='par_1_86' title="bbox 432 4200 1995 4272">
     <span class='ocr_line' id='line_1_87' title="bbox 432 4200 1995 4272; baseline 0.003 -15"><span class='ocrx_word' id='word_1_594' title='bbox 432 4221 495 4257; x_wconf 87' lang='lat' dir='ltr'><strong>ex</strong></span> <span class='ocrx_word' id='word_1_595' title='bbox 528 4211 674 4272; x_wconf 88' lang='lat' dir='ltr'><strong>patre</strong></span> <span class='ocrx_word' id='word_1_596' title='bbox 699 4200 830 4254; x_wconf 87' lang='lat' dir='ltr'><strong>.luda</strong></span> <span class='ocrx_word' id='word_1_597' title='bbox 862 4203 927 4255; x_wconf 88' lang='lat' dir='ltr'><strong>de</strong></span> <span class='ocrx_word' id='word_1_598' title='bbox 949 4204 1161 4257; x_wconf 87' lang='lat' dir='ltr'><strong>civitate</strong></span> <span class='ocrx_word' id='word_1_599' title='bbox 1194 4204 1482 4258; x_wconf 83' lang='lat' dir='ltr'><strong>Bethleem.</strong></span> <span class='ocrx_word' id='word_1_600' title='bbox 1518 4205 1656 4259; x_wconf 86' lang='lat' dir='ltr'><strong>Vixit</strong></span> <span class='ocrx_word' id='word_1_601' title='bbox 1690 4221 1790 4258; x_wconf 91' lang='lat' dir='ltr'><strong>non</strong></span> <span class='ocrx_word' id='word_1_602' title='bbox 1822 4200 1995 4261; x_wconf 86' lang='lat' dir='ltr'><strong>solum</strong></span> 
     </span>
    </p>
   </div>
   <div class='ocr_carea' id='block_1_87' title="bbox 435 4272 2003 4344">
    <p class='ocr_par' dir='ltr' id='par_1_87' title="bbox 435 4272 2003 4344">
     <span class='ocr_line' id='line_1_88' title="bbox 435 4272 2003 4344; baseline 0.002 -16"><span class='ocrx_word' id='word_1_603' title='bbox 435 4272 759 4340; x_wconf 84' lang='lat' dir='ltr'><strong>temporibus</strong></span> <span class='ocrx_word' id='word_1_604' title='bbox 789 4272 1064 4326; x_wconf 91' lang='lat' dir='ltr'><strong>Domitiani</strong></span> <span class='ocrx_word' id='word_1_605' title='bbox 1115 4282 1169 4327; x_wconf 90' lang='lat' dir='ltr'><strong>et</strong></span> <span class='ocrx_word' id='word_1_606' title='bbox 1198 4275 1402 4341; x_wconf 72' lang='grc' dir='ltr'><strong>Νυτνεισ,</strong></span> <span class='ocrx_word' id='word_1_607' title='bbox 1434 4276 1525 4328; x_wconf 85' lang='lat' dir='ltr'><strong>sed</strong></span> <span class='ocrx_word' id='word_1_608' title='bbox 1571 4286 1623 4329; x_wconf 93' lang='lat' dir='ltr'><strong>et</strong></span> <span class='ocrx_word' id='word_1_609' title='bbox 1646 4275 1881 4344; x_wconf 90' lang='lat' dir='ltr'><strong>Trajani,</strong></span> <span class='ocrx_word' id='word_1_610' title='bbox 1914 4292 2003 4331; x_wconf 88' lang='lat' dir='ltr'><strong>se-</strong></span> 
     </span>
    </p>
   </div>
   <div class='ocr_carea' id='block_1_88' title="bbox 433 4345 2006 4412">
    <p class='ocr_par' dir='ltr' id='par_1_88' title="bbox 433 4345 2006 4412">
     <span class='ocr_line' id='line_1_89' title="bbox 433 4345 2006 4412; baseline 0.003 -15"><span class='ocrx_word' id='word_1_611' title='bbox 433 4346 826 4412; x_wconf 15' lang='lat' dir='ltr'><strong>ditquegannos</strong></span> <span class='ocrx_word' id='word_1_612' title='bbox 858 4345 1134 4396; x_wconf 87' lang='lat' dir='ltr'><strong>duodecim</strong></span> <span class='ocrx_word' id='word_1_613' title='bbox 1183 4354 1236 4396; x_wconf 90' lang='lat' dir='ltr'><strong>et</strong></span> <span class='ocrx_word' id='word_1_614' title='bbox 1273 4345 1473 4411; x_wconf 81' lang='lat' dir='ltr'><strong>aliquot</strong></span> <span class='ocrx_word' id='word_1_615' title='bbox 1515 4361 1725 4399; x_wconf 89' lang='lat' dir='ltr'><strong>menses</strong></span> <span class='ocrx_word' id='word_1_616' title='bbox 1772 4347 1838 4398; x_wconf 88' lang='lat' dir='ltr'><strong>ab</strong></span> <span class='ocrx_word' id='word_1_617' title='bbox 1867 4362 2006 4401; x_wconf 90' lang='lat' dir='ltr'><strong>anno</strong></span> 
     </span>
    </p>
   </div>
   <div class='ocr_carea' id='block_1_89' title="bbox 435 4408 2004 4480">
    <p class='ocr_par' dir='ltr' id='par_1_89' title="bbox 435 4408 2004 4480">
     <span class='ocr_line' id='line_1_90' title="bbox 435 4408 2004 4480; baseline 0.001 -13"><span class='ocrx_word' id='word_1_618' title='bbox 435 4408 563 4467; x_wconf 73' lang='lat' dir='ltr'><strong>Chr.</strong></span> <span class='ocrx_word' id='word_1_619' title='bbox 592 4408 682 4475; x_wconf 83' lang='lat'><strong>95,</strong></span> <span class='ocrx_word' id='word_1_620' title='bbox 719 4412 994 4464; x_wconf 85' lang='lat' dir='ltr'><strong>Domitiani</strong></span> <span class='ocrx_word' id='word_1_621' title='bbox 1023 4414 1084 4465; x_wconf 83' lang='grc' dir='ltr'><strong><em>Π</em></strong></span> <span class='ocrx_word' id='word_1_622' title='bbox 1107 4423 1158 4466; x_wconf 92' lang='lat' dir='ltr'><strong>et</strong></span> <span class='ocrx_word' id='word_1_623' title='bbox 1186 4408 1470 4467; x_wconf 77' lang='lat' dir='ltr'><strong>Clementis</strong></span> <span class='ocrx_word' id='word_1_624' title='bbox 1499 4416 1772 4469; x_wconf 85' lang='lat' dir='ltr'><strong>consulatu</strong></span> <span class='ocrx_word' id='word_1_625' title='bbox 1804 4426 2004 4480; x_wconf 88' lang='lat' dir='ltr'><strong>notato,</strong></span> 
     </span>
    </p>
   </div>
   <div class='ocr_carea' id='block_1_90' title="bbox 435 4482 2011 4550">
    <p class='ocr_par' dir='ltr' id='par_1_90' title="bbox 435 4482 2011 4550">
     <span class='ocr_line' id='line_1_91' title="bbox 435 4482 2011 4550; baseline 0.003 -15"><span class='ocrx_word' id='word_1_626' title='bbox 435 4485 669 4550; x_wconf 85' lang='lat' dir='ltr'><strong>obiitth</strong></span> <span class='ocrx_word' id='word_1_627' title='bbox 696 4496 835 4534; x_wconf 87' lang='lat' dir='ltr'><strong>anno</strong></span> <span class='ocrx_word' id='word_1_628' title='bbox 859 4483 981 4542; x_wconf 79' lang='grc'><strong>108,</strong></span> <span class='ocrx_word' id='word_1_629' title='bbox 1009 4498 1189 4535; x_wconf 84' lang='lat' dir='ltr'><strong>mense</strong></span> <span class='ocrx_word' id='word_1_630' title='bbox 1219 4499 1278 4533; x_wconf 85' lang='lat' dir='ltr'><strong>ac</strong></span> <span class='ocrx_word' id='word_1_631' title='bbox 1303 4482 1491 4537; x_wconf 89' lang='lat' dir='ltr'><strong>diebus</strong></span> <span class='ocrx_word' id='word_1_632' title='bbox 1524 4483 1757 4538; x_wconf 86' lang='lat' dir='ltr'><strong>incertis.</strong></span> <span class='ocrx_word' id='word_1_633' title='bbox 1810 4488 2011 4539; x_wconf 85' lang='lat' dir='ltr'><strong>Colitur</strong></span> 
     </span>
    </p>
   </div>
   <div class='ocr_carea' id='block_1_91' title="bbox 439 4552 2013 4625">
    <p class='ocr_par' dir='ltr' id='par_1_91' title="bbox 439 4552 2013 4625">
     <span class='ocr_line' id='line_1_92' title="bbox 439 4552 2013 4625; baseline 0.002 -20"><span class='ocrx_word' id='word_1_634' title='bbox 439 4554 677 4625; x_wconf 74' lang='lat' dir='ltr'><strong>quidem,</strong></span> <span class='ocrx_word' id='word_1_635' title='bbox 707 4554 854 4625; x_wconf 62' lang='lat' dir='ltr'><strong>jnata</strong></span> <span class='ocrx_word' id='word_1_636' title='bbox 889 4553 1188 4625; x_wconf 12' lang='lat' dir='ltr'><strong>Hiarouiuut,</strong></span> <span class='ocrx_word' id='word_1_637' title='bbox 1224 4552 1309 4605; x_wconf 83' lang='lat' dir='ltr'><strong>die</strong></span> <span class='ocrx_word' id='word_1_638' title='bbox 1343 4568 1468 4605; x_wconf 78' lang='lat' dir='ltr'><strong>xxvt</strong></span> <span class='ocrx_word' id='word_1_639' title='bbox 1488 4552 1761 4625; x_wconf 77' lang='lat' dir='ltr'><strong>Octobris,</strong></span> <span class='ocrx_word' id='word_1_640' title='bbox 1799 4557 2013 4625; x_wconf 76' lang='lat' dir='ltr'><strong>legitur-</strong></span> 
     </span>
    </p>
   </div>
   <div class='ocr_carea' id='block_1_92' title="bbox 440 4621 2012 4689">
    <p class='ocr_par' dir='ltr' id='par_1_92' title="bbox 440 4621 2012 4689">
     <span class='ocr_line' id='line_1_93' title="bbox 440 4621 2012 4689; baseline 0.003 -14"><span class='ocrx_word' id='word_1_641' title='bbox 440 4639 543 4689; x_wconf 79' lang='lat' dir='ltr'><strong>que</strong></span> <span class='ocrx_word' id='word_1_642' title='bbox 573 4621 623 4674; x_wconf 93' lang='lat' dir='ltr'><strong>in</strong></span> <span class='ocrx_word' id='word_1_643' title='bbox 654 4622 887 4674; x_wconf 89' lang='lat' dir='ltr'><strong>auctiore</strong></span> <span class='ocrx_word' id='word_1_644' title='bbox 915 4621 1180 4675; x_wconf 84' lang='lat' dir='ltr'><strong>Chronico</strong></span> <span class='ocrx_word' id='word_1_645' title='bbox 1209 4633 1445 4675; x_wconf 81' lang='lat' dir='ltr'><strong>veterum</strong></span> <span class='ocrx_word' id='word_1_646' title='bbox 1481 4624 1791 4677; x_wconf 82' lang='lat' dir='ltr'><strong>Pontiﬁcum</strong></span> <span class='ocrx_word' id='word_1_647' title='bbox 1819 4621 1883 4676; x_wconf 63' lang='grc' dir='ltr'><strong>εἶ</strong></span> <span class='ocrx_word' id='word_1_648' title='bbox 1916 4628 2012 4679; x_wconf 82' lang='lat' dir='ltr'><strong>Se-</strong></span> 
     </span>
    </p>
   </div>
   <div class='ocr_carea' id='block_1_93' title="bbox 446 4692 2012 4759">
    <p class='ocr_par' dir='ltr' id='par_1_93' title="bbox 446 4692 2012 4759">
     <span class='ocr_line' id='line_1_94' title="bbox 446 4692 2012 4759; baseline 0.004 -17"><span class='ocrx_word' id='word_1_649' title='bbox 446 4696 620 4759; x_wconf 81' lang='lat' dir='ltr'><strong>pultus</strong></span> <span class='ocrx_word' id='word_1_650' title='bbox 665 4703 745 4743; x_wconf 89' lang='lat' dir='ltr'><strong>est</strong></span> <span class='ocrx_word' id='word_1_651' title='bbox 781 4692 922 4759; x_wconf 62' lang='lat' dir='ltr'><strong>juxta</strong></span> <span class='ocrx_word' id='word_1_652' title='bbox 952 4707 1141 4759; x_wconf 88' lang='lat' dir='ltr'><strong>corpus</strong></span> <span class='ocrx_word' id='word_1_653' title='bbox 1181 4694 1239 4749; x_wconf 91' lang='lat' dir='ltr'><strong>S.</strong></span> <span class='ocrx_word' id='word_1_654' title='bbox 1273 4693 1413 4746; x_wconf 88' lang='lat' dir='ltr'><strong>Petri</strong></span> <span class='ocrx_word' id='word_1_655' title='bbox 1448 4693 1498 4746; x_wconf 93' lang='lat' dir='ltr'><strong>in</strong></span> <span class='ocrx_word' id='word_1_656' title='bbox 1532 4694 1786 4747; x_wconf 89' lang='lat' dir='ltr'><strong>Vaticano</strong></span> <span class='ocrx_word' id='word_1_657' title='bbox 1814 4712 1860 4748; x_wconf 75' lang='lat' dir='ltr'><strong>vr</strong></span> <span class='ocrx_word' id='word_1_658' title='bbox 1895 4695 2012 4748; x_wconf 78' lang='lat' dir='ltr'><strong>Kal.</strong></span> 
     </span>
    </p>
   </div>
   <div class='ocr_carea' id='block_1_94' title="bbox 444 4762 2015 4834">
    <p class='ocr_par' dir='ltr' id='par_1_94' title="bbox 444 4762 2015 4834">
     <span class='ocr_line' id='line_1_95' title="bbox 444 4762 2015 4834; baseline 0.003 -21"><span class='ocrx_word' id='word_1_659' title='bbox 444 4764 775 4834; x_wconf 84' lang='lat' dir='ltr'><strong>Novembris.</strong></span> <span class='ocrx_word' id='word_1_660' title='bbox 816 4778 833 4811; x_wconf 75' lang='grc' dir='ltr'><strong><em>ι</em></strong></span> <span class='ocrx_word' id='word_1_661' title='bbox 873 4762 974 4815; x_wconf 88' lang='lat' dir='ltr'><strong>Sed</strong></span> <span class='ocrx_word' id='word_1_662' title='bbox 1013 4764 1126 4814; x_wconf 88' lang='lat' dir='ltr'><strong>dies</strong></span> <span class='ocrx_word' id='word_1_663' title='bbox 1169 4766 1454 4828; x_wconf 49' lang='lat' dir='ltr'><strong>primorum</strong></span> <span class='ocrx_word' id='word_1_664' title='bbox 1499 4766 1802 4831; x_wconf 85' lang='lat' dir='ltr'><strong>pontiﬁcum</strong></span> <span class='ocrx_word' id='word_1_665' title='bbox 1844 4767 2015 4834; x_wconf 86' lang='lat' dir='ltr'><strong>potius</strong></span> 
     </span>
    </p>
   </div>
   <div class='ocr_carea' id='block_1_95' title="bbox 446 4833 2013 4901">
    <p class='ocr_par' dir='ltr' id='par_1_95' title="bbox 446 4833 2013 4901">
     <span class='ocr_line' id='line_1_96' title="bbox 446 4833 2013 4901; baseline 0 -16"><span class='ocrx_word' id='word_1_666' title='bbox 446 4834 509 4886; x_wconf 86' lang='lat' dir='ltr'><strong>ad</strong></span> <span class='ocrx_word' id='word_1_667' title='bbox 541 4833 742 4896; x_wconf 86' lang='lat' dir='ltr'><strong>aliquas</strong></span> <span class='ocrx_word' id='word_1_668' title='bbox 769 4846 950 4883; x_wconf 85' lang='lat' dir='ltr'><strong>eorum</strong></span> <span class='ocrx_word' id='word_1_669' title='bbox 978 4835 1350 4885; x_wconf 87' lang='lat' dir='ltr'><strong>translationes</strong></span> <span class='ocrx_word' id='word_1_670' title='bbox 1372 4848 1529 4901; x_wconf 83' lang='lat' dir='ltr'><strong>quam</strong></span> <span class='ocrx_word' id='word_1_671' title='bbox 1551 4836 1615 4887; x_wconf 88' lang='lat' dir='ltr'><strong>ad</strong></span> <span class='ocrx_word' id='word_1_672' title='bbox 1644 4849 1830 4889; x_wconf 89' lang='lat' dir='ltr'><strong>eorum</strong></span> <span class='ocrx_word' id='word_1_673' title='bbox 1849 4833 2013 4889; x_wconf 76' lang='lat' dir='ltr'><strong>nata-</strong></span> 
     </span>
    </p>
   </div>
   <div class='ocr_carea' id='block_1_96' title="bbox 446 4902 1101 4971">
    <p class='ocr_par' dir='ltr' id='par_1_96' title="bbox 446 4902 1101 4971">
     <span class='ocr_line' id='line_1_97' title="bbox 446 4902 1101 4971; baseline 0 -18"><span class='ocrx_word' id='word_1_674' title='bbox 446 4902 517 4957; x_wconf 86' lang='lat' dir='ltr'><strong>lia</strong></span> <span class='ocrx_word' id='word_1_675' title='bbox 548 4903 811 4971; x_wconf 84' lang='lat' dir='ltr'><strong>pertinere</strong></span> <span class='ocrx_word' id='word_1_676' title='bbox 842 4902 1101 4953; x_wconf 88' lang='lat' dir='ltr'><strong>videntur.</strong></span> 
     </span>
    </p>
   </div>
   <div class='ocr_carea' id='block_1_97' title="bbox 520 4970 2016 5040">
    <p class='ocr_par' dir='ltr' id='par_1_97' title="bbox 520 4970 2016 5040">
     <span class='ocr_line' id='line_1_98' title="bbox 520 4970 2016 5040; baseline 0.005 -19"><span class='ocrx_word' id='word_1_677' title='bbox 520 4972 545 5010; x_wconf 70' lang='grc' dir='ltr'>δ</span> <span class='ocrx_word' id='word_1_678' title='bbox 572 4971 828 5024; x_wconf 77' lang='lat' dir='ltr'><strong>Romaldi.</strong></span> <span class='ocrx_word' id='word_1_679' title='bbox 877 4971 1272 5038; x_wconf 83' lang='lat' dir='ltr'><strong>Archiepisc0pi</strong></span> <span class='ocrx_word' id='word_1_680' title='bbox 1322 4970 1610 5033; x_wconf 72' lang='lat' dir='ltr'><strong>Hiberuim,</strong></span> <span class='ocrx_word' id='word_1_681' title='bbox 1654 4974 1744 5040; x_wconf 89' lang='lat' dir='ltr'><strong>qui</strong></span> <span class='ocrx_word' id='word_1_682' title='bbox 1785 4975 2016 5029; x_wconf 81' lang='lat' dir='ltr'><strong>desertis</strong></span> 
     </span>
    </p>
   </div>
   <div class='ocr_carea' id='block_1_98' title="bbox 452 5040 2015 5109">
    <p class='ocr_par' dir='ltr' id='par_1_98' title="bbox 452 5040 2015 5109">
     <span class='ocr_line' id='line_1_99' title="bbox 452 5040 2015 5109; baseline 0.002 -15"><span class='ocrx_word' id='word_1_683' title='bbox 452 5042 618 5109; x_wconf 81' lang='lat' dir='ltr'><strong>patria</strong></span> <span class='ocrx_word' id='word_1_684' title='bbox 662 5050 713 5092; x_wconf 90' lang='lat' dir='ltr'><strong>et</strong></span> <span class='ocrx_word' id='word_1_685' title='bbox 754 5042 1212 5106; x_wconf 84' lang='lat' dir='ltr'><strong>archiepiscopatu</strong></span> <span class='ocrx_word' id='word_1_686' title='bbox 1263 5040 1611 5104; x_wconf 79' lang='lat' dir='ltr'><strong>Dubliuiensi,</strong></span> <span class='ocrx_word' id='word_1_687' title='bbox 1643 5042 1865 5096; x_wconf 78' lang='lat' dir='ltr'><strong>Romam</strong></span> <span class='ocrx_word' id='word_1_688' title='bbox 1897 5048 2015 5109; x_wconf 91' lang='lat' dir='ltr'><strong>ivit,</strong></span> 
     </span>
    </p>
   </div>
   <div class='ocr_carea' id='block_1_99' title="bbox 447 5110 2016 5183">
    <p class='ocr_par' dir='ltr' id='par_1_99' title="bbox 447 5110 2016 5183">
     <span class='ocr_line' id='line_1_100' title="bbox 447 5110 2016 5183; baseline 0.001 -17"><span class='ocrx_word' id='word_1_689' title='bbox 447 5123 505 5166; x_wconf 89' lang='lat' dir='ltr'><strong>et</strong></span> <span class='ocrx_word' id='word_1_690' title='bbox 548 5110 669 5183; x_wconf 79' lang='lat' dir='ltr'><strong>inde</strong></span> <span class='ocrx_word' id='word_1_691' title='bbox 714 5110 889 5162; x_wconf 87' lang='lat' dir='ltr'><strong>habita</strong></span> <span class='ocrx_word' id='word_1_692' title='bbox 936 5112 1199 5177; x_wconf 83' lang='lat' dir='ltr'><strong>pontiﬁcis</strong></span> <span class='ocrx_word' id='word_1_693' title='bbox 1245 5112 1808 5180; x_wconf 78' lang='lat' dir='ltr'><strong>benediCtione,juxta</strong></span> <span class='ocrx_word' id='word_1_694' title='bbox 1847 5118 2016 5183; x_wconf 79' lang='lat' dir='ltr'><strong>angeli</strong></span> 
     </span>
    </p>
   </div>
   <div class='ocr_carea' id='block_1_100' title="bbox 447 5180 2016 5249">
    <p class='ocr_par' dir='ltr' id='par_1_100' title="bbox 447 5180 2016 5249">
     <span class='ocr_line' id='line_1_101' title="bbox 447 5180 2016 5249; baseline 0.002 -15"><span class='ocrx_word' id='word_1_695' title='bbox 447 5180 832 5249; x_wconf 85' lang='lat' dir='ltr'><strong>apparitioneut</strong></span> <span class='ocrx_word' id='word_1_696' title='bbox 880 5196 944 5232; x_wconf 88' lang='lat' dir='ltr'><strong>eo</strong></span> <span class='ocrx_word' id='word_1_697' title='bbox 997 5185 1276 5246; x_wconf 81' lang='lat' dir='ltr'><strong>pervenit,</strong></span> <span class='ocrx_word' id='word_1_698' title='bbox 1319 5183 1407 5233; x_wconf 90' lang='lat' dir='ltr'><strong>ubi</strong></span> <span class='ocrx_word' id='word_1_699' title='bbox 1463 5183 1670 5236; x_wconf 81' lang='lat' dir='ltr'><strong>Sealdis</strong></span> <span class='ocrx_word' id='word_1_700' title='bbox 1724 5180 2016 5237; x_wconf 55' lang='lat' dir='ltr'><strong>ﬁuvius&#39;in</strong></span> 
     </span>
    </p>
   </div>
   <div class='ocr_carea' id='block_1_101' title="bbox 450 5253 2018 5315">
    <p class='ocr_par' dir='ltr' id='par_1_101' title="bbox 450 5253 2018 5315">
     <span class='ocr_line' id='line_1_102' title="bbox 450 5253 2018 5315; baseline 0.001 -9"><span class='ocrx_word' id='word_1_701' title='bbox 450 5266 601 5306; x_wconf 87' lang='lat' dir='ltr'><strong>mare</strong></span> <span class='ocrx_word' id='word_1_702' title='bbox 624 5264 685 5304; x_wconf 90' lang='lat' dir='ltr'><strong>se</strong></span> <span class='ocrx_word' id='word_1_703' title='bbox 709 5260 987 5314; x_wconf 84' lang='lat' dir='ltr'><strong>exonerat,</strong></span> <span class='ocrx_word' id='word_1_704' title='bbox 1019 5254 1117 5303; x_wconf 83' lang='lat' dir='ltr'><strong>hoc</strong></span> <span class='ocrx_word' id='word_1_705' title='bbox 1144 5263 1244 5314; x_wconf 73' lang='lat' dir='ltr'><strong>est,</strong></span> <span class='ocrx_word' id='word_1_706' title='bbox 1273 5253 1336 5305; x_wconf 80' lang='lat' dir='ltr'><strong>uti</strong></span> <span class='ocrx_word' id='word_1_707' title='bbox 1377 5253 1708 5306; x_wconf 85' lang='lat' dir='ltr'><strong>Mechliuiam</strong></span> <span class='ocrx_word' id='word_1_708' title='bbox 1730 5293 1744 5315; x_wconf 96' lang='lat'><strong>,</strong></span> <span class='ocrx_word' id='word_1_709' title='bbox 1776 5254 1859 5308; x_wconf 85' lang='lat' dir='ltr'><strong>ubi</strong></span> <span class='ocrx_word' id='word_1_710' title='bbox 1887 5255 2018 5308; x_wconf 88' lang='lat' dir='ltr'><strong>adeo</strong></span> 
     </span>
    </p>
   </div>
   <div class='ocr_carea' id='block_1_102' title="bbox 452 5321 2020 5388">
    <p class='ocr_par' dir='ltr' id='par_1_102' title="bbox 452 5321 2020 5388">
     <span class='ocr_line' id='line_1_103' title="bbox 452 5321 2020 5388; baseline 0 -12"><span class='ocrx_word' id='word_1_711' title='bbox 452 5323 576 5377; x_wconf 88' lang='lat' dir='ltr'><strong>lidei</strong></span> <span class='ocrx_word' id='word_1_712' title='bbox 604 5321 899 5375; x_wconf 83' lang='lat' dir='ltr'><strong>rudimenta</strong></span> <span class='ocrx_word' id='word_1_713' title='bbox 931 5322 1177 5388; x_wconf 84' lang='lat' dir='ltr'><strong>pupulum</strong></span> <span class='ocrx_word' id='word_1_714' title='bbox 1207 5323 1417 5375; x_wconf 81' lang='lat' dir='ltr'><strong>edocuit</strong></span> <span class='ocrx_word' id='word_1_715' title='bbox 1440 5362 1454 5383; x_wconf 94' lang='lat'><strong>,</strong></span> <span class='ocrx_word' id='word_1_716' title='bbox 1486 5332 1544 5375; x_wconf 90' lang='lat' dir='ltr'><strong>ut</strong></span> <span class='ocrx_word' id='word_1_717' title='bbox 1586 5334 1773 5377; x_wconf 82' lang='lat' dir='ltr'><strong>merito</strong></span> <span class='ocrx_word' id='word_1_718' title='bbox 1804 5325 2020 5377; x_wconf 88' lang='lat' dir='ltr'><strong>Mecbli-</strong></span> 
     </span>
    </p>
   </div>
   <div class='ocr_carea' id='block_1_103' title="bbox 452 5391 2019 5458">
    <p class='ocr_par' dir='ltr' id='par_1_103' title="bbox 452 5391 2019 5458">
     <span class='ocr_line' id='line_1_104' title="bbox 452 5391 2019 5458; baseline 0.001 -13"><span class='ocrx_word' id='word_1_719' title='bbox 452 5393 715 5446; x_wconf 85' lang='lat' dir='ltr'><strong>niensium</strong></span> <span class='ocrx_word' id='word_1_720' title='bbox 762 5392 1035 5453; x_wconf 77' lang='lat' dir='ltr'><strong>apostolus</strong></span> <span class='ocrx_word' id='word_1_721' title='bbox 1088 5391 1359 5446; x_wconf 88' lang='lat' dir='ltr'><strong>habeatur.</strong></span> <span class='ocrx_word' id='word_1_722' title='bbox 1418 5396 1573 5446; x_wconf 88' lang='lat' dir='ltr'><strong>Anno</strong></span> <span class='ocrx_word' id='word_1_723' title='bbox 1622 5408 1748 5446; x_wconf 91' lang='lat' dir='ltr'><strong>vero</strong></span> <span class='ocrx_word' id='word_1_724' title='bbox 1793 5394 1916 5458; x_wconf 81' lang='lat'><strong>775,</strong></span> <span class='ocrx_word' id='word_1_725' title='bbox 1968 5393 2019 5446; x_wconf 91' lang='lat' dir='ltr'><strong>in</strong></span> 
     </span>
    </p>
   </div>
   <div class='ocr_carea' id='block_1_104' title="bbox 454 5461 2020 5526">
    <p class='ocr_par' dir='ltr' id='par_1_104' title="bbox 454 5461 2020 5526">
     <span class='ocr_line' id='line_1_105' title="bbox 454 5461 2020 5526; baseline 0 -11"><span class='ocrx_word' id='word_1_726' title='bbox 454 5463 603 5515; x_wconf 80' lang='lat' dir='ltr'><strong>feriis</strong></span> <span class='ocrx_word' id='word_1_727' title='bbox 632 5461 904 5526; x_wconf 68' lang='lat' dir='ltr'><strong>Baptistw,</strong></span> <span class='ocrx_word' id='word_1_728' title='bbox 933 5462 1037 5511; x_wconf 86' lang='lat' dir='ltr'><strong>duo</strong></span> <span class='ocrx_word' id='word_1_729' title='bbox 1077 5462 1251 5513; x_wconf 78' lang='lat' dir='ltr'><strong>sicarii</strong></span> <span class='ocrx_word' id='word_1_730' title='bbox 1279 5476 1398 5513; x_wconf 90' lang='lat' dir='ltr'><strong>eum</strong></span> <span class='ocrx_word' id='word_1_731' title='bbox 1436 5461 1712 5515; x_wconf 85' lang='lat' dir='ltr'><strong>securibus</strong></span> <span class='ocrx_word' id='word_1_732' title='bbox 1743 5462 2020 5517; x_wconf 82' lang='lat' dir='ltr'><strong>interiece-</strong></span> 
     </span>
    </p>
   </div>
   <div class='ocr_carea' id='block_1_105' title="bbox 454 5530 2021 5587">
    <p class='ocr_par' dir='ltr' id='par_1_105' title="bbox 454 5530 2021 5587">
     <span class='ocr_line' id='line_1_106' title="bbox 454 5530 2021 5587; baseline 0.001 -2"><span class='ocrx_word' id='word_1_733' title='bbox 454 5542 597 5585; x_wconf 84' lang='lat' dir='ltr'><strong>rnut.</strong></span> <span class='ocrx_word' id='word_1_734' title='bbox 647 5530 848 5583; x_wconf 81' lang='lat' dir='ltr'><strong>Natalis</strong></span> <span class='ocrx_word' id='word_1_735' title='bbox 896 5530 1197 5583; x_wconf 86' lang='lat' dir='ltr'><strong>celebratur</strong></span> <span class='ocrx_word' id='word_1_736' title='bbox 1241 5530 1532 5585; x_wconf 68' lang='lat' dir='ltr'><strong>Meehliuiai</strong></span> <span class='ocrx_word' id='word_1_737' title='bbox 1577 5532 1827 5585; x_wconf 81' lang='lat' dir='ltr'><strong>Kalendis</strong></span> <span class='ocrx_word' id='word_1_738' title='bbox 1869 5533 2021 5587; x_wconf 81' lang='lat' dir='ltr'><strong>Julii.</strong></span> 
     </span>
    </p>
   </div>
   <div class='ocr_carea' id='block_1_106' title="bbox 456 5601 2019 5666">
    <p class='ocr_par' dir='ltr' id='par_1_106' title="bbox 456 5601 2019 5666">
     <span class='ocr_line' id='line_1_107' title="bbox 456 5601 2019 5666; baseline 0.001 -13"><span class='ocrx_word' id='word_1_739' title='bbox 456 5601 755 5654; x_wconf 83' lang='lat' dir='ltr'><strong>Trauslatio</strong></span> <span class='ocrx_word' id='word_1_740' title='bbox 797 5610 973 5653; x_wconf 86' lang='lat' dir='ltr'><strong>autem</strong></span> <span class='ocrx_word' id='word_1_741' title='bbox 1019 5603 1190 5666; x_wconf 80' lang='lat' dir='ltr'><strong>aliqua</strong></span> <span class='ocrx_word' id='word_1_742' title='bbox 1234 5602 1391 5653; x_wconf 75' lang='lat' dir='ltr'><strong>hodie</strong></span> <span class='ocrx_word' id='word_1_743' title='bbox 1448 5604 1584 5655; x_wconf 76' lang='lat' dir='ltr'><strong>facta</strong></span> <span class='ocrx_word' id='word_1_744' title='bbox 1628 5603 1833 5655; x_wconf 81' lang='lat' dir='ltr'><strong>videtur</strong></span> <span class='ocrx_word' id='word_1_745' title='bbox 1860 5620 1872 5655; x_wconf 89' lang='lat'><strong>:</strong></span> <span class='ocrx_word' id='word_1_746' title='bbox 1900 5618 2019 5655; x_wconf 87' lang='lat' dir='ltr'><strong>cor-</strong></span> 
     </span>
    </p>
   </div>
   <div class='ocr_carea' id='block_1_107' title="bbox 461 5670 2019 5742">
    <p class='ocr_par' dir='ltr' id='par_1_107' title="bbox 461 5670 2019 5742">
     <span class='ocr_line' id='line_1_108' title="bbox 461 5670 2019 5742; baseline 0.003 -21"><span class='ocrx_word' id='word_1_747' title='bbox 461 5685 558 5730; x_wconf 82' lang='lat' dir='ltr'><strong>pus</strong></span> <span class='ocrx_word' id='word_1_748' title='bbox 602 5680 777 5724; x_wconf 85' lang='lat' dir='ltr'><strong>autem</strong></span> <span class='ocrx_word' id='word_1_749' title='bbox 828 5670 943 5738; x_wconf 86' lang='lat' dir='ltr'><strong>ejus</strong></span> <span class='ocrx_word' id='word_1_750' title='bbox 987 5672 1246 5724; x_wconf 52' lang='lat' dir='ltr'><strong>clchtutu</strong></span> <span class='ocrx_word' id='word_1_751' title='bbox 1292 5680 1375 5726; x_wconf 76' lang='lat' dir='ltr'><strong>est</strong></span> <span class='ocrx_word' id='word_1_752' title='bbox 1436 5683 1555 5739; x_wconf 82' lang='lat' dir='ltr'><strong>post</strong></span> <span class='ocrx_word' id='word_1_753' title='bbox 1600 5673 2019 5742; x_wconf 79' lang='lat' dir='ltr'><strong>quinquennium</strong></span> 
     </span>
    </p>
   </div>
   <div class='ocr_carea' id='block_1_108' title="bbox 2112 4133 3675 4204">
    <p class='ocr_par' dir='ltr' id='par_1_108' title="bbox 2112 4133 3675 4204">
     <span class='ocr_line' id='line_1_109' title="bbox 2112 4133 3675 4204; baseline 0.001 -17"><span class='ocrx_word' id='word_1_754' title='bbox 2112 4138 2177 4188; x_wconf 86' lang='lat' dir='ltr'><strong>ab</strong></span> <span class='ocrx_word' id='word_1_755' title='bbox 2218 4134 2332 4204; x_wconf 80' lang='lat' dir='ltr'><strong>ejus</strong></span> <span class='ocrx_word' id='word_1_756' title='bbox 2374 4133 2518 4187; x_wconf 90' lang='lat' dir='ltr'><strong>obitu</strong></span> <span class='ocrx_word' id='word_1_757' title='bbox 2546 4173 2561 4193; x_wconf 86' lang='lat'><strong>,</strong></span> <span class='ocrx_word' id='word_1_758' title='bbox 2608 4144 2664 4204; x_wconf 84' lang='lat' dir='ltr'><strong>ut</strong></span> <span class='ocrx_word' id='word_1_759' title='bbox 2704 4143 2912 4190; x_wconf 88' lang='lat' dir='ltr'><strong>constat</strong></span> <span class='ocrx_word' id='word_1_760' title='bbox 2965 4150 3030 4190; x_wconf 88' lang='lat' dir='ltr'><strong>ex</strong></span> <span class='ocrx_word' id='word_1_761' title='bbox 3071 4135 3216 4190; x_wconf 85' lang='lat' dir='ltr'><strong>Actis</strong></span> <span class='ocrx_word' id='word_1_762' title='bbox 3256 4133 3312 4189; x_wconf 93' lang='lat' dir='ltr'><strong>S.</strong></span> <span class='ocrx_word' id='word_1_763' title='bbox 3362 4134 3605 4187; x_wconf 78' lang='lat' dir='ltr'><strong>Romaldi</strong></span> <span class='ocrx_word' id='word_1_764' title='bbox 3649 4152 3675 4188; x_wconf 88' lang='lat' dir='ltr'><strong>a</strong></span> 
     </span>
    </p>
   </div>
   <div class='ocr_carea' id='block_1_109' title="bbox 2108 4203 2781 4261">
    <p class='ocr_par' dir='ltr' id='par_1_109' title="bbox 2108 4203 2781 4261">
     <span class='ocr_line' id='line_1_110' title="bbox 2108 4203 2781 4261; baseline -0.007 -1"><span class='ocrx_word' id='word_1_765' title='bbox 2108 4203 2264 4261; x_wconf 89' lang='lat' dir='ltr'><strong>Surio</strong></span> <span class='ocrx_word' id='word_1_766' title='bbox 2304 4204 2460 4257; x_wconf 90' lang='lat' dir='ltr'><strong>editis</strong></span> <span class='ocrx_word' id='word_1_767' title='bbox 2504 4205 2554 4256; x_wconf 92' lang='lat' dir='ltr'><strong>in</strong></span> <span class='ocrx_word' id='word_1_768' title='bbox 2602 4203 2781 4256; x_wconf 83' lang='lat' dir='ltr'><strong>Juuio.</strong></span> 
     </span>
    </p>
   </div>
   <div class='ocr_carea' id='block_1_110' title="bbox 2189 4272 3606 4341">
    <p class='ocr_par' dir='ltr' id='par_1_110' title="bbox 2189 4272 3606 4341">
     <span class='ocr_line' id='line_1_111' title="bbox 2189 4272 3606 4341; baseline 0 -15"><span class='ocrx_word' id='word_1_769' title='bbox 2189 4280 2209 4304; x_wconf 74' lang='grc' dir='ltr'>ε</span> <span class='ocrx_word' id='word_1_770' title='bbox 2237 4272 2519 4326; x_wconf 77' lang='lat' dir='ltr'><strong>Rictrudis.</strong></span> <span class='ocrx_word' id='word_1_771' title='bbox 2548 4274 2673 4335; x_wconf 78' lang='lat' dir='ltr'><strong>Ejus</strong></span> <span class='ocrx_word' id='word_1_772' title='bbox 2703 4274 2817 4327; x_wconf 91' lang='lat' dir='ltr'><strong>dies</strong></span> <span class='ocrx_word' id='word_1_773' title='bbox 2839 4275 3024 4341; x_wconf 71' lang='lat' dir='ltr'><strong>natalis</strong></span> <span class='ocrx_word' id='word_1_774' title='bbox 3045 4274 3343 4328; x_wconf 87' lang='lat' dir='ltr'><strong>celebratur</strong></span> <span class='ocrx_word' id='word_1_775' title='bbox 3373 4290 3441 4325; x_wconf 86' lang='lat' dir='ltr'><strong>xu</strong></span> <span class='ocrx_word' id='word_1_776' title='bbox 3466 4274 3606 4328; x_wconf 76' lang='lat' dir='ltr'><strong>Maii.</strong></span> 
     </span>
    </p>
   </div>
   <div class='ocr_carea' id='block_1_111' title="bbox 2186 4342 3681 4414">
    <p class='ocr_par' dir='ltr' id='par_1_111' title="bbox 2186 4342 3681 4414">
     <span class='ocr_line' id='line_1_112' title="bbox 2186 4342 3681 4414; baseline 0.001 -18"><span class='ocrx_word' id='word_1_777' title='bbox 2186 4343 2537 4414; x_wconf 78' lang='lat' dir='ltr'><strong>dPolycarpi.</strong></span> <span class='ocrx_word' id='word_1_778' title='bbox 2593 4342 2689 4397; x_wconf 87' lang='lat' dir='ltr'><strong>llic</strong></span> <span class='ocrx_word' id='word_1_779' title='bbox 2722 4345 2772 4397; x_wconf 93' lang='lat' dir='ltr'><strong>in</strong></span> <span class='ocrx_word' id='word_1_780' title='bbox 2821 4348 2995 4398; x_wconf 81' lang='lat' dir='ltr'><strong>Al‘rica</strong></span> <span class='ocrx_word' id='word_1_781' title='bbox 3045 4346 3285 4413; x_wconf 87' lang='lat' dir='ltr'><strong>superius</strong></span> <span class='ocrx_word' id='word_1_782' title='bbox 3338 4358 3522 4411; x_wconf 89' lang='lat' dir='ltr'><strong>passus</strong></span> <span class='ocrx_word' id='word_1_783' title='bbox 3566 4359 3681 4397; x_wconf 73' lang='lat' dir='ltr'><strong>esse</strong></span> 
     </span>
    </p>
   </div>
   <div class='ocr_carea' id='block_1_112' title="bbox 2113 4415 2321 4469">
    <p class='ocr_par' dir='ltr' id='par_1_112' title="bbox 2113 4415 2321 4469">
     <span class='ocr_line' id='line_1_113' title="bbox 2113 4415 2321 4469; baseline 0.005 -1"><span class='ocrx_word' id='word_1_784' title='bbox 2113 4415 2321 4469; x_wconf 89' lang='lat' dir='ltr'><strong>dicitur.</strong></span> 
     </span>
    </p>
   </div>
   <div class='ocr_carea' id='block_1_113' title="bbox 2191 4483 3679 4538">
    <p class='ocr_par' dir='ltr' id='par_1_113' title="bbox 2191 4483 3679 4538">
     <span class='ocr_line' id='line_1_114' title="bbox 2191 4483 3679 4538; baseline -0.001 -1"><span class='ocrx_word' id='word_1_785' title='bbox 2191 4496 2213 4521; x_wconf 73' lang='grc' dir='ltr'>θ</span> <span class='ocrx_word' id='word_1_786' title='bbox 2244 4484 2477 4537; x_wconf 81' lang='lat' dir='ltr'><strong>Claudio.</strong></span> <span class='ocrx_word' id='word_1_787' title='bbox 2511 4485 2688 4537; x_wconf 80' lang='lat' dir='ltr'><strong>Potius</strong></span> <span class='ocrx_word' id='word_1_788' title='bbox 2732 4484 2828 4537; x_wconf 90' lang='lat' dir='ltr'><strong>sub</strong></span> <span class='ocrx_word' id='word_1_789' title='bbox 2862 4483 3137 4537; x_wconf 84' lang='lat' dir='ltr'><strong>Valeriano</strong></span> <span class='ocrx_word' id='word_1_790' title='bbox 3178 4493 3231 4537; x_wconf 91' lang='lat' dir='ltr'><strong>et</strong></span> <span class='ocrx_word' id='word_1_791' title='bbox 3258 4483 3516 4538; x_wconf 86' lang='lat' dir='ltr'><strong>Gallieno.</strong></span> <span class='ocrx_word' id='word_1_792' title='bbox 3548 4483 3679 4535; x_wconf 80' lang='lat' dir='ltr'><strong>Mar-</strong></span> 
     </span>
    </p>
   </div>
   <div class='ocr_carea' id='block_1_114' title="bbox 2118 4554 3683 4624">
    <p class='ocr_par' dir='ltr' id='par_1_114' title="bbox 2118 4554 3683 4624">
     <span class='ocr_line' id='line_1_115' title="bbox 2118 4554 3683 4624; baseline -0.001 -18"><span class='ocrx_word' id='word_1_793' title='bbox 2118 4556 2310 4624; x_wconf 79' lang='lat' dir='ltr'><strong>tyrium</strong></span> <span class='ocrx_word' id='word_1_794' title='bbox 2343 4556 2481 4607; x_wconf 86' lang='lat' dir='ltr'><strong>cuitu</strong></span> <span class='ocrx_word' id='word_1_795' title='bbox 2514 4569 2664 4617; x_wconf 83' lang='lat' dir='ltr'><strong>passa</strong></span> <span class='ocrx_word' id='word_1_796' title='bbox 2693 4563 2775 4606; x_wconf 88' lang='lat' dir='ltr'><strong>est</strong></span> <span class='ocrx_word' id='word_1_797' title='bbox 2799 4554 2987 4607; x_wconf 87' lang='lat' dir='ltr'><strong>eodem</strong></span> <span class='ocrx_word' id='word_1_798' title='bbox 3017 4570 3156 4624; x_wconf 85' lang='lat' dir='ltr'><strong>anno</strong></span> <span class='ocrx_word' id='word_1_799' title='bbox 3178 4568 3239 4624; x_wconf 85' lang='lat' dir='ltr'><strong>ac</strong></span> <span class='ocrx_word' id='word_1_800' title='bbox 3260 4556 3317 4621; x_wconf 87' lang='lat' dir='ltr'><strong>S_.</strong></span> <span class='ocrx_word' id='word_1_801' title='bbox 3346 4554 3683 4618; x_wconf 83' lang='lat' dir='ltr'><strong>Laurentius,</strong></span> 
     </span>
    </p>
   </div>
   <div class='ocr_carea' id='block_1_115' title="bbox 2114 4622 3681 4693">
    <p class='ocr_par' dir='ltr' id='par_1_115' title="bbox 2114 4622 3681 4693">
     <span class='ocr_line' id='line_1_116' title="bbox 2114 4622 3681 4693; baseline -0.001 -17"><span class='ocrx_word' id='word_1_802' title='bbox 2114 4622 2201 4693; x_wconf 73' lang='lat' dir='ltr'><strong>qui</strong></span> <span class='ocrx_word' id='word_1_803' title='bbox 2243 4640 2401 4688; x_wconf 84' lang='lat' dir='ltr'><strong>supra</strong></span> <span class='ocrx_word' id='word_1_804' title='bbox 2432 4626 2625 4677; x_wconf 89' lang='lat' dir='ltr'><strong>colitur</strong></span> <span class='ocrx_word' id='word_1_805' title='bbox 2655 4641 2683 4677; x_wconf 69' lang='grc' dir='ltr'>χ</span> <span class='ocrx_word' id='word_1_806' title='bbox 2713 4624 2952 4691; x_wconf 81' lang='lat' dir='ltr'><strong>Augustii</strong></span> <span class='ocrx_word' id='word_1_807' title='bbox 2999 4635 3051 4676; x_wconf 92' lang='lat' dir='ltr'><strong>et</strong></span> <span class='ocrx_word' id='word_1_808' title='bbox 3095 4622 3155 4678; x_wconf 92' lang='lat' dir='ltr'><strong>S.</strong></span> <span class='ocrx_word' id='word_1_809' title='bbox 3182 4623 3421 4677; x_wconf 81' lang='lat' dir='ltr'><strong>Justinus</strong></span> <span class='ocrx_word' id='word_1_810' title='bbox 3451 4624 3539 4690; x_wconf 92' lang='lat' dir='ltr'><strong>qui</strong></span> <span class='ocrx_word' id='word_1_811' title='bbox 3567 4639 3681 4675; x_wconf 88' lang='lat' dir='ltr'><strong>eam</strong></span> 
     </span>
    </p>
   </div>
   <div class='ocr_carea' id='block_1_116' title="bbox 2114 4694 3683 4762">
    <p class='ocr_par' dir='ltr' id='par_1_116' title="bbox 2114 4694 3683 4762">
     <span class='ocr_line' id='line_1_117' title="bbox 2114 4694 3683 4762; baseline -0.002 -15"><span class='ocrx_word' id='word_1_812' title='bbox 2114 4696 2331 4762; x_wconf 86' lang='lat' dir='ltr'><strong>sepeliit</strong></span> <span class='ocrx_word' id='word_1_813' title='bbox 2361 4697 2601 4760; x_wconf 89' lang='lat' dir='ltr'><strong>proximo</strong></span> <span class='ocrx_word' id='word_1_814' title='bbox 2631 4709 2769 4747; x_wconf 88' lang='lat' dir='ltr'><strong>anno</strong></span> <span class='ocrx_word' id='word_1_815' title='bbox 2802 4709 2847 4745; x_wconf 86' lang='lat' dir='ltr'><strong>tv</strong></span> <span class='ocrx_word' id='word_1_816' title='bbox 2877 4694 3112 4761; x_wconf 64' lang='lat' dir='ltr'><strong>ejusdem</strong></span> <span class='ocrx_word' id='word_1_817' title='bbox 3144 4695 3342 4748; x_wconf 88' lang='lat' dir='ltr'><strong>mensis</strong></span> <span class='ocrx_word' id='word_1_818' title='bbox 3369 4694 3683 4761; x_wconf 90' lang='lat' dir='ltr'><strong>martyrium</strong></span> 
     </span>
    </p>
   </div>
   <div class='ocr_carea' id='block_1_117' title="bbox 2116 4762 3687 4830">
    <p class='ocr_par' dir='ltr' id='par_1_117' title="bbox 2116 4762 3687 4830">
     <span class='ocr_line' id='line_1_118' title="bbox 2116 4762 3687 4830; baseline -0.003 -13"><span class='ocrx_word' id='word_1_819' title='bbox 2116 4766 2303 4817; x_wconf 89' lang='lat' dir='ltr'><strong>subiit.</strong></span> <span class='ocrx_word' id='word_1_820' title='bbox 2323 4764 2572 4830; x_wconf 73' lang='lat' dir='ltr'><strong>Corrigas</strong></span> <span class='ocrx_word' id='word_1_821' title='bbox 2604 4764 2782 4830; x_wconf 85' lang='lat' dir='ltr'><strong>igitur,</strong></span> <span class='ocrx_word' id='word_1_822' title='bbox 2808 4764 2992 4827; x_wconf 90' lang='lat' dir='ltr'><strong>lector,</strong></span> <span class='ocrx_word' id='word_1_823' title='bbox 3025 4774 3199 4815; x_wconf 90' lang='lat' dir='ltr'><strong>notam</strong></span> <span class='ocrx_word' id='word_1_824' title='bbox 3224 4778 3378 4828; x_wconf 90' lang='lat' dir='ltr'><strong>quam</strong></span> <span class='ocrx_word' id='word_1_825' title='bbox 3400 4762 3467 4815; x_wconf 85' lang='lat' dir='ltr'><strong>de</strong></span> <span class='ocrx_word' id='word_1_826' title='bbox 3488 4765 3547 4813; x_wconf 88' lang='lat' dir='ltr'><strong>S.</strong></span> <span class='ocrx_word' id='word_1_827' title='bbox 3572 4762 3687 4814; x_wconf 81' lang='lat' dir='ltr'><strong>Jus-</strong></span> 
     </span>
    </p>
   </div>
   <div class='ocr_carea' id='block_1_118' title="bbox 2119 4833 3685 4901">
    <p class='ocr_par' dir='ltr' id='par_1_118' title="bbox 2119 4833 3685 4901">
     <span class='ocr_line' id='line_1_119' title="bbox 2119 4833 3685 4901; baseline -0.001 -16"><span class='ocrx_word' id='word_1_828' title='bbox 2119 4840 2231 4887; x_wconf 86' lang='lat' dir='ltr'><strong>tiuo</strong></span> <span class='ocrx_word' id='word_1_829' title='bbox 2260 4847 2419 4901; x_wconf 87' lang='lat' dir='ltr'><strong>supra</strong></span> <span class='ocrx_word' id='word_1_830' title='bbox 2470 4834 2714 4886; x_wconf 85' lang='lat' dir='ltr'><strong>dedimus</strong></span> <span class='ocrx_word' id='word_1_831' title='bbox 2739 4872 2754 4895; x_wconf 96' lang='lat'><strong>,</strong></span> <span class='ocrx_word' id='word_1_832' title='bbox 2787 4842 2840 4885; x_wconf 86' lang='lat' dir='ltr'><strong>et</strong></span> <span class='ocrx_word' id='word_1_833' title='bbox 2886 4850 2979 4900; x_wconf 87' lang='lat' dir='ltr'><strong>pro</strong></span> <span class='ocrx_word' id='word_1_834' title='bbox 3013 4834 3170 4886; x_wconf 87' lang='lat' dir='ltr'><strong>Decio</strong></span> <span class='ocrx_word' id='word_1_835' title='bbox 3195 4874 3209 4895; x_wconf 95' lang='lat'><strong>,</strong></span> <span class='ocrx_word' id='word_1_836' title='bbox 3244 4834 3397 4886; x_wconf 82' lang='lat' dir='ltr'><strong>Gallo</strong></span> <span class='ocrx_word' id='word_1_837' title='bbox 3441 4841 3495 4883; x_wconf 91' lang='lat' dir='ltr'><strong>et</strong></span> <span class='ocrx_word' id='word_1_838' title='bbox 3529 4833 3685 4883; x_wconf 79' lang='lat' dir='ltr'><strong>Vuln-</strong></span> 
     </span>
    </p>
   </div>
   <div class='ocr_carea' id='block_1_119' title="bbox 2115 4903 3687 4971">
    <p class='ocr_par' dir='ltr' id='par_1_119' title="bbox 2115 4903 3687 4971">
     <span class='ocr_line' id='line_1_120' title="bbox 2115 4903 3687 4971; baseline -0.003 -14"><span class='ocrx_word' id='word_1_839' title='bbox 2115 4908 2267 4958; x_wconf 88' lang='lat' dir='ltr'><strong>siano</strong></span> <span class='ocrx_word' id='word_1_840' title='bbox 2293 4945 2307 4968; x_wconf 96' lang='lat'><strong>,</strong></span> <span class='ocrx_word' id='word_1_841' title='bbox 2343 4904 2642 4958; x_wconf 80' lang='lat' dir='ltr'><strong>Gallienum</strong></span> <span class='ocrx_word' id='word_1_842' title='bbox 2678 4915 2732 4956; x_wconf 92' lang='lat' dir='ltr'><strong>et</strong></span> <span class='ocrx_word' id='word_1_843' title='bbox 2766 4903 3095 4956; x_wconf 85' lang='lat' dir='ltr'><strong>Valerianum</strong></span> <span class='ocrx_word' id='word_1_844' title='bbox 3130 4903 3301 4971; x_wconf 79' lang='lat' dir='ltr'><strong>potius</strong></span> <span class='ocrx_word' id='word_1_845' title='bbox 3342 4903 3687 4970; x_wconf 84' lang='lat' dir='ltr'><strong>imperatores</strong></span> 
     </span>
    </p>
   </div>
   <div class='ocr_carea' id='block_1_120' title="bbox 2154 4990 2304 5027">
    <p class='ocr_par' dir='ltr' id='par_1_120' title="bbox 2154 4990 2304 5027">
     <span class='ocr_line' id='line_1_121' title="bbox 2154 4990 2304 5027; baseline -0.013 0"><span class='ocrx_word' id='word_1_846' title='bbox 2154 4990 2304 5027; x_wconf 65' lang='lat' dir='ltr'><strong>uuas.</strong></span> 
     </span>
    </p>
   </div>
   <div class='ocr_carea' id='block_1_121' title="bbox 2120 4990 3685 5111">
    <p class='ocr_par' dir='ltr' id='par_1_121' title="bbox 2120 4990 3685 5111">
     <span class='ocr_line' id='line_1_122' title="bbox 2154 4990 2304 5027; baseline -0.013 0"><span class='ocrx_word' id='word_1_847' title='bbox 2154 4990 2304 5027; x_wconf 69' lang='lat' dir='ltr'><strong>uuas.</strong></span> 
     </span>
     <span class='ocr_line' id='line_1_123' title="bbox 2120 4990 3685 5111; baseline -0.001 -16"><span class='ocrx_word' id='word_1_848' title='bbox 2120 4990 2151 5043; x_wconf 61' lang='grc' dir='ltr'><strong>ν</strong></span> <span class='ocrx_word' id='word_1_849' title='bbox 2192 5043 2210 5079; x_wconf 72' lang='grc' dir='ltr'><em>τ</em></span> <span class='ocrx_word' id='word_1_850' title='bbox 2255 5043 2524 5095; x_wconf 72' lang='lat' dir='ltr'><strong>l’inrcutii.</strong></span> <span class='ocrx_word' id='word_1_851' title='bbox 2558 5040 2619 5094; x_wconf 84' lang='lat' dir='ltr'><strong>lli</strong></span> <span class='ocrx_word' id='word_1_852' title='bbox 2643 5053 2695 5095; x_wconf 91' lang='lat' dir='ltr'><strong>et</strong></span> <span class='ocrx_word' id='word_1_853' title='bbox 2713 5057 2871 5109; x_wconf 86' lang='lat' dir='ltr'><strong>supra</strong></span> <span class='ocrx_word' id='word_1_854' title='bbox 2903 5042 3238 5096; x_wconf 87' lang='lat' dir='ltr'><strong>celebrantur</strong></span> <span class='ocrx_word' id='word_1_855' title='bbox 3264 5057 3385 5095; x_wconf 70' lang='lat' dir='ltr'><strong>xxvi</strong></span> <span class='ocrx_word' id='word_1_856' title='bbox 3416 5040 3499 5095; x_wconf 86' lang='lat' dir='ltr'><strong>die</strong></span> <span class='ocrx_word' id='word_1_857' title='bbox 3529 5040 3685 5111; x_wconf 84' lang='lat' dir='ltr'><strong>hujus</strong></span> 
     </span>
    </p>
   </div>
   <div class='ocr_carea' id='block_1_122' title="bbox 2118 5128 2341 5167">
    <p class='ocr_par' dir='ltr' id='par_1_122' title="bbox 2118 5128 2341 5167">
     <span class='ocr_line' id='line_1_124' title="bbox 2118 5128 2341 5167; baseline -0.018 0"><span class='ocrx_word' id='word_1_858' title='bbox 2118 5128 2341 5167; x_wconf 76' lang='lat' dir='ltr'><strong>menss.</strong></span> 
     </span>
    </p>
   </div>
   <div class='ocr_carea' id='block_1_123' title="bbox 2194 5179 3686 5251">
    <p class='ocr_par' dir='ltr' id='par_1_123' title="bbox 2194 5179 3686 5251">
     <span class='ocr_line' id='line_1_125' title="bbox 2194 5179 3686 5251; baseline 0 -17"><span class='ocrx_word' id='word_1_859' title='bbox 2194 5191 2217 5226; x_wconf 65' lang='grc' dir='ltr'>ὅ</span> <span class='ocrx_word' id='word_1_860' title='bbox 2244 5182 2505 5235; x_wconf 80' lang='lat' dir='ltr'><strong>Pontiani.</strong></span> <span class='ocrx_word' id='word_1_861' title='bbox 2540 5182 2596 5235; x_wconf 91' lang='lat' dir='ltr'><strong>S.</strong></span> <span class='ocrx_word' id='word_1_862' title='bbox 2633 5181 2872 5235; x_wconf 78' lang='lat' dir='ltr'><strong>Pontiani</strong></span> <span class='ocrx_word' id='word_1_863' title='bbox 2915 5182 3223 5251; x_wconf 86' lang='lat' dir='ltr'><strong>martyrium</strong></span> <span class='ocrx_word' id='word_1_864' title='bbox 3271 5196 3411 5234; x_wconf 82' lang='lat' dir='ltr'><strong>anno</strong></span> <span class='ocrx_word' id='word_1_865' title='bbox 3438 5179 3544 5233; x_wconf 73' lang='grc'><strong>253</strong></span> <span class='ocrx_word' id='word_1_866' title='bbox 3584 5180 3686 5234; x_wconf 83' lang='lat' dir='ltr'><strong>illi-</strong></span> 
     </span>
    </p>
   </div>
   <div class='ocr_carea' id='block_1_124' title="bbox 2119 5251 3687 5322">
    <p class='ocr_par' dir='ltr' id='par_1_124' title="bbox 2119 5251 3687 5322">
     <span class='ocr_line' id='line_1_126' title="bbox 2119 5251 3687 5322; baseline -0.001 -18"><span class='ocrx_word' id='word_1_867' title='bbox 2119 5254 2345 5322; x_wconf 87' lang='lat' dir='ltr'><strong>gaudutn</strong></span> <span class='ocrx_word' id='word_1_868' title='bbox 2402 5262 2501 5305; x_wconf 88' lang='lat' dir='ltr'><strong>est.</strong></span> <span class='ocrx_word' id='word_1_869' title='bbox 2569 5254 2621 5304; x_wconf 91' lang='lat' dir='ltr'><strong>In</strong></span> <span class='ocrx_word' id='word_1_870' title='bbox 2680 5252 2943 5305; x_wconf 85' lang='lat' dir='ltr'><strong>Chronico</strong></span> <span class='ocrx_word' id='word_1_871' title='bbox 2996 5256 3135 5305; x_wconf 90' lang='lat' dir='ltr'><strong>enim</strong></span> <span class='ocrx_word' id='word_1_872' title='bbox 3191 5252 3397 5322; x_wconf 85' lang='lat' dir='ltr'><strong>Damasi</strong></span> <span class='ocrx_word' id='word_1_873' title='bbox 3450 5251 3687 5322; x_wconf 80' lang='lat' dir='ltr'><strong>legitur:</strong></span> 
     </span>
    </p>
   </div>
   <div class='ocr_carea' id='block_1_125' title="bbox 2127 5321 3689 5387">
    <p class='ocr_par' dir='ltr' id='par_1_125' title="bbox 2127 5321 3689 5387">
     <span class='ocr_line' id='line_1_127' title="bbox 2127 5321 3689 5387; baseline -0.002 -13"><span class='ocrx_word' id='word_1_874' title='bbox 2127 5321 2145 5374; x_wconf 60' lang='grc' dir='ltr'><em>ἀ</em></span> <span class='ocrx_word' id='word_1_875' title='bbox 2179 5324 2467 5375; x_wconf 78' lang='lat' dir='ltr'><strong>Pontianus</strong></span> <span class='ocrx_word' id='word_1_876' title='bbox 2496 5336 2666 5374; x_wconf 88' lang='lat' dir='ltr'><strong>annos</strong></span> <span class='ocrx_word' id='word_1_877' title='bbox 2695 5323 2926 5387; x_wconf 83' lang='lat' dir='ltr'><strong>quinque</strong></span> <span class='ocrx_word' id='word_1_878' title='bbox 2952 5362 2965 5383; x_wconf 93' lang='lat'><strong>,</strong></span> <span class='ocrx_word' id='word_1_879' title='bbox 3014 5336 3223 5374; x_wconf 73' lang='lat' dir='ltr'><strong>menses</strong></span> <span class='ocrx_word' id='word_1_880' title='bbox 3251 5321 3384 5372; x_wconf 89' lang='lat' dir='ltr'><strong>duos</strong></span> <span class='ocrx_word' id='word_1_881' title='bbox 3411 5359 3426 5385; x_wconf 91' lang='lat'><strong>,</strong></span> <span class='ocrx_word' id='word_1_882' title='bbox 3458 5321 3573 5373; x_wconf 86' lang='lat' dir='ltr'><strong>dies</strong></span> <span class='ocrx_word' id='word_1_883' title='bbox 3602 5334 3689 5371; x_wconf 79' lang='lat' dir='ltr'><strong>se-</strong></span> 
     </span>
    </p>
   </div>
   <div class='ocr_carea' id='block_1_126' title="bbox 2122 5390 3687 5461">
    <p class='ocr_par' dir='ltr' id='par_1_126' title="bbox 2122 5390 3687 5461">
     <span class='ocr_line' id='line_1_128' title="bbox 2122 5390 3687 5461; baseline -0.003 -16"><span class='ocrx_word' id='word_1_884' title='bbox 2122 5404 2260 5461; x_wconf 86' lang='lat' dir='ltr'><strong>ptetu</strong></span> <span class='ocrx_word' id='word_1_885' title='bbox 2307 5408 2334 5444; x_wconf 87' lang='lat' dir='ltr'><strong>a</strong></span> <span class='ocrx_word' id='word_1_886' title='bbox 2384 5393 2662 5461; x_wconf 79' lang='lat' dir='ltr'><strong>consulatu</strong></span> <span class='ocrx_word' id='word_1_887' title='bbox 2711 5392 3015 5459; x_wconf 85' lang='lat' dir='ltr'><strong>Pompeiani</strong></span> <span class='ocrx_word' id='word_1_888' title='bbox 3066 5402 3121 5444; x_wconf 89' lang='lat' dir='ltr'><strong>et</strong></span> <span class='ocrx_word' id='word_1_889' title='bbox 3184 5390 3602 5461; x_wconf 79' lang='lat' dir='ltr'><strong>Peligniaui....__</strong></span> <span class='ocrx_word' id='word_1_890' title='bbox 3637 5391 3687 5461; x_wconf 83' lang='lat' dir='ltr'><strong>|_n</strong></span> 
     </span>
    </p>
   </div>
   <div class='ocr_carea' id='block_1_127' title="bbox 2120 5458 3685 5524">
    <p class='ocr_par' dir='ltr' id='par_1_127' title="bbox 2120 5458 3685 5524">
     <span class='ocr_line' id='line_1_129' title="bbox 2120 5458 3685 5524; baseline -0.005 -8"><span class='ocrx_word' id='word_1_891' title='bbox 2120 5458 2305 5516; x_wconf 75' lang='lat' dir='ltr'><strong>eadem</strong></span> <span class='ocrx_word' id='word_1_892' title='bbox 2334 5463 2522 5524; x_wconf 67' lang='lat' dir='ltr'><strong>insula,</strong></span> <span class='ocrx_word' id='word_1_893' title='bbox 2551 5460 2794 5514; x_wconf 88' lang='lat' dir='ltr'><strong>Sardinia</strong></span> <span class='ocrx_word' id='word_1_894' title='bbox 2820 5462 3041 5520; x_wconf 78' lang='lat' dir='ltr'><strong>scilicet,</strong></span> <span class='ocrx_word' id='word_1_895' title='bbox 3066 5462 3352 5513; x_wconf 77' lang='lat' dir='ltr'><strong>discincms</strong></span> <span class='ocrx_word' id='word_1_896' title='bbox 3380 5472 3460 5512; x_wconf 82' lang='lat' dir='ltr'><strong>est</strong></span> <span class='ocrx_word' id='word_1_897' title='bbox 3490 5475 3538 5511; x_wconf 87' lang='lat' dir='ltr'><strong>tv</strong></span> <span class='ocrx_word' id='word_1_898' title='bbox 3565 5458 3685 5510; x_wconf 76' lang='lat' dir='ltr'><strong>Kal.</strong></span> 
     </span>
    </p>
   </div>
   <div class='ocr_carea' id='block_1_128' title="bbox 2120 5529 3690 5598">
    <p class='ocr_par' dir='ltr' id='par_1_128' title="bbox 2120 5529 3690 5598">
     <span class='ocr_line' id='line_1_130' title="bbox 2120 5529 3690 5598; baseline -0.003 -13"><span class='ocrx_word' id='word_1_899' title='bbox 2120 5532 2363 5586; x_wconf 89' lang='lat' dir='ltr'><strong>Octobris</strong></span> <span class='ocrx_word' id='word_1_900' title='bbox 2390 5572 2404 5596; x_wconf 91' lang='lat'><strong>,</strong></span> <span class='ocrx_word' id='word_1_901' title='bbox 2432 5543 2483 5583; x_wconf 88' lang='lat' dir='ltr'><strong>et</strong></span> <span class='ocrx_word' id='word_1_902' title='bbox 2531 5531 2649 5586; x_wconf 86' lang='lat' dir='ltr'><strong>lucu</strong></span> <span class='ocrx_word' id='word_1_903' title='bbox 2676 5531 2794 5598; x_wconf 83' lang='lat' dir='ltr'><strong>ejus</strong></span> <span class='ocrx_word' id='word_1_904' title='bbox 2822 5532 3093 5583; x_wconf 85' lang='lat' dir='ltr'><strong>ordinatus</strong></span> <span class='ocrx_word' id='word_1_905' title='bbox 3122 5536 3461 5595; x_wconf 81' lang='lat' dir='ltr'><strong>est,Auteros</strong></span> <span class='ocrx_word' id='word_1_906' title='bbox 3492 5544 3542 5581; x_wconf 86' lang='lat' dir='ltr'><strong>xi</strong></span> <span class='ocrx_word' id='word_1_907' title='bbox 3575 5529 3690 5581; x_wconf 80' lang='lat' dir='ltr'><strong>h&#39;al.</strong></span> 
     </span>
    </p>
   </div>
   <div class='ocr_carea' id='block_1_129' title="bbox 2127 5600 3692 5655">
    <p class='ocr_par' dir='ltr' id='par_1_129' title="bbox 2127 5600 3692 5655">
     <span class='ocr_line' id='line_1_131' title="bbox 2127 5600 3692 5655; baseline -0.003 0"><span class='ocrx_word' id='word_1_908' title='bbox 2127 5602 2375 5655; x_wconf 83' lang='lat' dir='ltr'><strong>Deceml).</strong></span> <span class='ocrx_word' id='word_1_909' title='bbox 2425 5603 2576 5654; x_wconf 87' lang='lat' dir='ltr'><strong>Coss.</strong></span> <span class='ocrx_word' id='word_1_910' title='bbox 2628 5602 2720 5654; x_wconf 87' lang='lat' dir='ltr'><strong>SS.</strong></span> <span class='ocrx_word' id='word_1_911' title='bbox 2759 5619 2777 5651; x_wconf 74' lang='grc' dir='ltr'><strong><em>ι</em></strong></span> <span class='ocrx_word' id='word_1_912' title='bbox 2816 5604 3127 5655; x_wconf 78' lang='lat' dir='ltr'><strong>Auasmsius</strong></span> <span class='ocrx_word' id='word_1_913' title='bbox 3170 5616 3262 5653; x_wconf 87' lang='lat' dir='ltr'><strong>seu</strong></span> <span class='ocrx_word' id='word_1_914' title='bbox 3312 5608 3497 5652; x_wconf 86' lang='lat' dir='ltr'><strong>auctor</strong></span> <span class='ocrx_word' id='word_1_915' title='bbox 3550 5600 3692 5652; x_wconf 81' lang='lat' dir='ltr'><strong>Libri</strong></span> 
     </span>
    </p>
   </div>
   <div class='ocr_carea' id='block_1_130' title="bbox 2124 5671 3696 5739">
    <p class='ocr_par' dir='ltr' id='par_1_130' title="bbox 2124 5671 3696 5739">
     <span class='ocr_line' id='line_1_132' title="bbox 2124 5671 3696 5739; baseline -0.004 -12"><span class='ocrx_word' id='word_1_916' title='bbox 2124 5672 2484 5736; x_wconf 82' lang='lat' dir='ltr'><strong>Pontilicalis,</strong></span> <span class='ocrx_word' id='word_1_917' title='bbox 2533 5672 2620 5735; x_wconf 84' lang='lat' dir='ltr'><strong>qui</strong></span> <span class='ocrx_word' id='word_1_918' title='bbox 2671 5672 2971 5725; x_wconf 78' lang='lat' dir='ltr'><strong>Cltrouicon</strong></span> <span class='ocrx_word' id='word_1_919' title='bbox 3026 5671 3232 5725; x_wconf 75' lang='lat' dir='ltr'><strong>Damasi</strong></span> <span class='ocrx_word' id='word_1_920' title='bbox 3286 5672 3529 5739; x_wconf 77' lang='lat' dir='ltr'><strong>legerat,</strong></span> <span class='ocrx_word' id='word_1_921' title='bbox 3580 5671 3696 5721; x_wconf 86' lang='lat' dir='ltr'><strong>loco</strong></span> 
     </span>
    </p>
   </div>
  </div>
