4054 6190
462 282 592 342 1087

1175 275 1375 333 ΒΕΟΛΕ
1417 270 1870 331 VENERABILIS
1909 272 2058 324 ()I‘P.
2103 268 2277 323 i’AllS
2318 270 2403 323 IV.
2447 299 2510 310 -—
2555 269 2935 326 lilSTORlCA.

3536 280 3548 291 '
3591 276 3732 329 1053

1701 388 1926 443 EDI'HO
1965 386 2425 441 COLONIENSIS.

462 486 663 545 diaconi
690 532 702 555 ,
732 494 785 542 et
815 485 1026 540 Lucillaz
1059 484 1180 539 ﬁlia:
1222 482 1340 552 ejus
1386 495 1522 551 quos
1554 488 1766 534 sanctus
1799 478 2031 545 pontifex
2068 484 2116 543 Α
2144 478 2228 531 die
2252 476 2515 529 Kalendas
2544 473 2860 529 Novembris
2884 516 2900 540 ,
2950 483 3003 529 et
3053 474 3104 529 in
3144 487 3327 545 crypta
3356 479 3735 534 venerabiliter

457 583 757 654 Stephanus
788 579 1095 649 baptizavit,
1128 579 1324 645 quique
1371 577 1542 641 ipsum
1583 573 1886 628 Nemesium
1916 572 2032 625 dia-

457 690 647 730 conem
697 673 989 725 constituit.
1043 670 1139 736 Qui
1186 667 1540 721 decollatione
1588 665 1798 731 quidem
1850 664 2038 730 capitis

456 765 771 834 martyrium
801 760 1113 827 complevit,
1149 758 1304 811 simul
1334 771 1451 811 cum
1481 756 1603 817 ﬁlia,
1636 755 1734 810 sub
1757 754 2038 808 Valeriano

455 867 507 910 et
536 854 795 918 Gallieno,
844 866 1027 906 octava
1082 848 1346 902 Kalendas
1394 847 1723 916 Septembris
1765 864 1779 899 :
1815 845 2037 913 ejusque

457 963 649 1014 corpus
678 962 705 1000 a
732 946 885 999 beato
917 941 1190 1010 Stephano
1236 956 1369 1009 papa
1412 939 1463 993 in
1497 939 1681 993 eodem
1716 938 1832 990 loco
1862 936 2037 1004 sepul-

456 1050 599 1106 tum;
629 1039 722 1093 sed
750 1054 777 1090 a
806 1037 958 1092 beato
988 1036 1136 1091 Sixto
1169 1031 1415 1103 pontiﬁce
1438 1042 1620 1099 postea
1642 1029 1901 1094 levatum,
1930 1026 2035 1093 pri-

2142 574 2407 620 curatum.
2446 567 2498 617 lu
2530 565 2700 619 Gallia
2741 564 2936 633 Oppido
2970 566 3376 621 Viromandcusi
3410 568 3585 622 natale
3608 588 3736 625 sano

2142 659 2210 710 cti
2243 656 2501 725 Quintiani,
2542 658 2630 724 qui
2680 658 2783 713 sub
2833 658 3151 712 Maximiano
3191 660 3515 728 imperatore
3546 678 3733 730 passus

2143 761 2243 812 est,
2273 759 2324 802 et
2356 759 2473 815 post
2521 763 2690 801 annos
2740 748 3121 819 quinquaginta
3174 752 3410 820 quinque
3457 752 3729 807 inventum

2145 849 2246 905 est,
2279 840 2547 894 revelante
2573 855 2767 908 corpus
2795 840 2910 908 ejus
2937 844 3149 911 angelo,
3176 854 3229 897 et
3251 847 3516 911 sepultum
3546 856 3731 899 octava

2146 930 2414 985 Kalendas
2437 930 2583 985 Julii.
2610 929 2674 984 Et
2696 932 2872 1000 vigilia
2895 933 3141 987 Omnium
3165 934 3480 990 Sanctorum
3532 939 3733 993 Eodem

2146 1023 2234 1077 die
2262 1023 2433 1077 sanati
2472 1022 2743 1093 Volfgangi
2777 1026 3006 1094 episc0pi
3037 1038 3089 1080 et
3119 1028 3461 1086 confessoris.

1660 1137 1889 1193 EDITIO
1929 1133 2307 1190 BOLLANDIA
2319 1134 2430 1189 NA.

473 1240 603 1303 tine,
637 1236 839 1306 inquit,
868 1243 1119 1290 constans
1144 1242 1291 1298 esto,
1321 1230 1543 1284 viriliter
1571 1244 1667 1297 age
1688 1270 1703 1293 ,
1734 1243 1833 1297 ego
1862 1235 2038 1279 autem

458 1330 625 1383 adero
657 1328 771 1383 tibi.
803 1329 1115 1392 llursusque
1156 1333 1437 1378 catenatus
1471 1322 1522 1375 in
1557 1334 1828 1377 carcerem
1863 1318 2041 1374 reclu—

465 1419 613 1474 ditur
639 1442 650 1472 :
677 1419 766 1471 ubi
795 1415 1033 1483 angelica
1063 1416 1268 1469 visione
1304 1429 1448 1473 usus,
1482 1413 1749 1478 ductuque
1770 1410 1891 1478 ejus
1924 1409 2044 1462 uni-

457 1523 646 1564 versas
676 1508 905 1562 carceris
935 1505 1202 1559 custodias
1230 1503 1517 1565 transiens,
1546 1500 1611 1555 ad
1644 1502 1813 1554 locum
1843 1509 2041 1552 osten—

455 1616 576 1658 sum
608 1601 830 1654 veniens
850 1641 865 1665 ,
899 1600 1051 1666 longa
1085 1598 1293 1665 populis
1324 1595 1705 1665 praedicatione
1747 1603 1993 1662 perorata
2020 1630 2036 1655 ,

470 1692 642 1746 ferme
669 1691 736 1746 ad
766 1700 1048 1743 sexcentos
1079 1688 1220 1742 viros
1252 1702 1419 1755 usque
1444 1687 1725 1739 convertit.
1760 1686 1871 1751 Qua
1901 1684 2040 1737 iudi-

463 1781 716 1849 guatione
766 1780 1103 1836 ltict'ovarus
1153 1778 1556 1842 stomachatus,
1610 1777 1872 1829 intantum
1928 1783 2042 1828 tro-

2155 1225 2335 1278 volatu
2383 1224 2580 1279 cmlum
2631 1236 2926 1293 penetrare.
2974 1227 3207 1301 [Corpus
3238 1248 3367 1286 vero
3404 1234 3522 1304 ejus
3547 1278 3563 1303 ,
3593 1240 3734 1307 quod

2156 1318 2209 1371 in
2246 1316 2406 1370 ﬁuvio
2439 1316 2686 1373 Somenae
2716 1320 3148 1388 subplumbatum
3182 1324 3351 1379 fuerat
3376 1368 3391 1392 ,
3423 1339 3536 1395 post
3563 1346 3735 1384 annos

2148 1408 2533 1478 quinquaginta
2566 1409 2798 1477 quinque
2827 1410 3038 1464 cuidam
3074 1414 3328 1468 Romanae
3377 1426 3637 1473 matrona:
3666 1422 3734 1474 ab

2150 1500 2341 1568 angelo
2372 1501 2667 1555 revelatum
2698 1510 2802 1565 est,
2830 1513 2881 1553 et
2911 1503 2978 1557 ab
3007 1504 3191 1558 eadem
3222 1505 3497 1561 inventum
3531 1510 3579 1563 in
3616 1528 3734 1565 ntu-

2155 1592 2353 1659 nicipio
2401 1592 2540 1660 quod
2575 1598 2816 1662 Augusto
2859 1592 3340 1650 Viromanduorum
3374 1613 3732 1667 nuncupatur,

2144 1696 2237 1733 vin
2271 1681 2385 1734 Kal.
2416 1681 2544 1735 Julii
2576 1682 2862 1749 sepultum.
2892 1684 3156 1752 Scriptum
3187 1687 3239 1740 in
3270 1686 3446 1743 Gestis
3472 1689 3639 1762 ejus.]
3674 1691 3734 1746 In

2144 1771 2451 1824 Nicomedia
2508 1772 2685 1839 passio
2734 1773 2790 1825 S.
2848 1773 3060 1827 Eusebii
3106 1776 3234 1843 :qui
3283 1785 3521 1846 tempore
3564 1779 3733 1834 Maxi-

455 1870 626 1926 chleis
657 1871 895 1937 torqueri
936 1869 1194 1938 prmcepit
1217 1906 1235 1932 ,
1270 1877 1328 1922 ut
1359 1867 1595 1921 membra
1626 1866 1743 1933 ejus
1777 1865 1824 1918 vi
1869 1864 2042 1919 duris-
2076 1861 2116 1920 Β
2149 1862 2312 1915 miani
2344 1861 2691 1929 imperatoris
2725 1863 2826 1917 sub
2857 1864 3123 1919 Maxentio
3153 1866 3378 1934 praeside
3417 1870 3609 1937 capitis
3638 1871 3731 1926 ab-

458 1966 591 2017 sitna
639 1964 773 2017 solvi
821 1973 1163 2033 cogerentur.
1196 1962 1417 2029 insuper
1454 1969 1509 2013 et
1555 1959 1821 2013 resticulis
1854 1956 2043 2011 ferreis

458 2070 581 2111 eum
632 2058 803 2122 cadi,
854 2067 910 2112 et
972 2057 1147 2110 oleum
1197 2055 1463 2118 candens,
1514 2052 1682 2121 picem
1733 2062 1787 2105 et
1834 2050 2041 2118 adipem

462 2146 914 2201 ferventissimum
947 2148 1106 2201 dorso
1147 2145 1443 2216 applicari;
1493 2144 1697 2197 calcem
1745 2150 1801 2196 et
1830 2150 2041 2196 acetum

456 2237 792 2307 sinapitnque
820 2239 898 2292 ori
941 2237 1058 2307 ejus
1087 2236 1291 2291 infundi
1317 2276 1334 2304 ,
1380 2238 1687 2303 iterumque
1718 2231 2039 2299 ponderosis

455 2330 659 2383 catenis
711 2330 906 2383 collum
950 2328 1189 2398 colligari
1216 2370 1231 2391 ,
1266 2339 1320 2382 et
1364 2327 1499 2381 duos
1548 2328 1708 2381 sudes
1760 2327 1961 2380 ferreos
2005 2339 2036 2377 a

455 2419 665 2474 cervice
696 2435 864 2488 usque
896 2419 962 2473 ad
991 2435 1169 2483 crura,
1201 2418 1434 2488 itemque
1463 2417 1648 2473 decem
1683 2420 1863 2472 clavus
1898 2416 2038 2469 inter

456 2511 685 2581 ungulas
716 2522 769 2566 et
808 2527 1076 2566 carcerem
1122 2511 1283 2581 jussit
1334 2512 1592 2579 transﬁgi.
1623 2510 1824 2576 Quibus
1858 2507 2033 2561 divina

457 2600 793 2666 protectione
848 2601 1162 2669 superatis,
1219 2600 1282 2651 ad
1342 2599 1585 2653 ultimum
1649 2599 1823 2666 capite
1877 2596 2036 2665 jussit

457 2689 655 2757 plecti,
684 2697 738 2743 et
765 2704 959 2758 corpus
992 2690 1128 2742 illius
1177 2700 1328 2743 nocte
1370 2690 1419 2743 in
1452 2690 1612 2742 ﬂuvio
1638 2685 2027 2755 subplumbari.

456 2785 853 2846 Amputatoque
898 2779 1095 2847 capite,
1144 2781 1290 2833 velut
1334 2780 1577 2833 columba
1628 2777 1850 2833 Candida
1896 2777 2030 2830 sicut

2149 1955 2415 2009 scissione
2457 1953 2770 2024 martyrium
2814 1959 3224 2012 consummavit.

2221 2083 2417 2137 Primis
2458 2082 2609 2138 uncis
2651 2084 2855 2138 inclusa
2898 2086 2950 2139 in
2991 2101 3096 2141 ms.
3140 2087 3387 2143 Lretiensi
3433 2088 3534 2144 hoc
3572 2091 3734 2145 modo

2149 2175 2370 2229 brevius
2414 2175 2807 2231 contrahuntur
2853 2194 2867 2231 :
2919 2178 3036 2244 Quo
3083 2191 3356 2249 comperto
3399 2182 3732 2239 Rictiovarus

2147 2263 2431 2335 prmiectus
2476 2270 2715 2322 vinctum
2775 2268 2842 2322 ad
2900 2284 2957 2323 se
3014 2269 3169 2339 jubet
3226 2272 3417 2328 adduci
3448 2314 3464 2335 ,
3510 2284 3562 2329 et
3613 2287 3732 2343 post

2120 2358 2295 2427 plura
2342 2357 2604 2426 supplicia
2655 2358 2929 2419 carceris.
2968 2360 3343 2427 vinculorum,
3389 2362 3725 2418 diversorum

2145 2450 2454 2515 verberum,
2498 2449 2564 2502 ad
2611 2460 2909 2503 extremum
2956 2453 3130 2503 olettm
3173 2453 3433 2517 candens,
3472 2462 3577 2508 etc.
3632 2455 3733 2508 lie-

2142 2540 2283 2608 liqua
2327 2540 2396 2594 de
2431 2540 2739 2595 inventione
2781 2542 3021 2610 corporis
3054 2544 3300 2598 similiter
3339 2547 3487 2601 uncis
3520 2548 3733 2617 signata

2142 2637 2336 2688 desunt
2378 2636 2429 2688 in
2474 2636 2835 2691 Atrebatensi.
2991 2676 2993 2678 -

2213 2724 2271 2802 _V.
2399 2725 2582 2802 Natale
2711 2728 2948 2792 Quintini
2983 2727 3093 2799 [C.,
3116 2729 3306 2800 quinti]
3336 2731 3595 2802 Martyris,
3631 2734 3734 2788 Fe-

2140 2796 2273 2861 licis,
2307 2795 2491 2849 Donati
2523 2805 2576 2849 et
2604 2798 2828 2850 aliorum
2862 2795 3042 2865 viginti
3074 2795 3305 2854 novem.-
3341 2803 3397 2855 Β.
3431 2795 3487 2856 ni
3534 2804 3724 2858 Mace-

460 2868 544 2922 nix
594 2883 718 2921 mox
759 2869 871 2923 visa
900 2880 981 2924 est
1028 2870 1091 2924 de
1121 2870 1406 2939 collu‘ejus
1436 2871 1581 2925 exire
1605 2907 1625 2938 ,
1670 2879 1725 2923 et
1755 2869 2030 2922 liberrimo
2061 2858 2104 2917 C
2138 2858 2295 2920 donia
2325 2865 2422 2920 SS.
2459 2866 2664 2926 Vitalis.
2695 2868 2859 2935 Petri,
2892 2858 3207 2931 Crescentii.
3238 2873 3463 2927 Auerni.

464 3024 3699 3056 Ἥρω-...Ἥ

1735 3143 2427 3229 NOVEMBER.

1700 3318 1924 3376 EDITIO
1962 3321 2431 3380 COLONIENSIS.

1042 3416 1434 3484 novennsa,

837 3510 1002 3566 Habet
1028 3513 1136 3565 dies
1166 3527 1294 3575 xxx,
1326 3510 1499 3562 lunam
1534 3524 1661 3562 xxx.

528 3604 592 3661 D.
620 3603 857 3661 KALEND.
880 3605 1124 3660 Novsun.
1143 3636 1212 3643 —
1238 3592 1516 3658 Festivitas
1544 3602 1793 3656 Omnium
1825 3599 2042 3658 Sancto.

455 3714 594 3753 rum.
629 3698 847 3753 Petente
874 3713 1102 3767 namque
1132 3712 1261 3765 papa
1305 3693 1573 3750 Bonifacio
1596 3734 1611 3756 ,
1639 3692 1803 3760 jussit
1832 3692 2039 3745 Pltocas

460 3790 749 3858 imperator
776 3790 824 3842 in
852 3790 1016 3842 veteri
1048 3788 1170 3839 lano
1190 3830 1205 3854 ,
1248 3784 1387 3855 quod
1419 3782 1691 3837 Pantheon
1724 3780 2034 3846 vocabatur,

455 3893 507 3934 et
535 3895 563 3933 a
593 3880 889 3934 Domitiano
920 3881 1063 3946 prius
1105 3879 1299 3933 factum
1327 3886 1475 3943 erat,
1505 3876 1693 3930 ablatis
1726 3874 2034 3929 idololatria:

454 3972 720 4038 sordibus,
748 3972 1034 4027 ecclesiam
1067 3971 1234 4024 beata:
1261 3984 1473 4038 semper
1503 3969 1721 4038 virginis
1749 3966 1950 4033 Mariae,
1980 3976 2034 4020 et

2149 3418 2385 3472 onmium
2419 3416 2529 3471 ﬁeri
2561 3424 2851 3487 martyrum
2881 3459 2896 3484 ,
2948 3428 3005 3474 ut
3053 3419 3141 3474 ubi
3189 3423 3457 3488 quondam
3495 3438 3728 3478 omnium

2150 3524 2254 3564 non
2275 3511 2519 3574 deorum,
2549 3508 2641 3563 sed
2661 3508 2965 3563 dmmonum
2988 3510 3164 3564 cultus
3181 3512 3458 3581 agebatur,
3488 3515 3559 3569 ibi
3579 3514 3729 3570 dein-

2148 3615 2276 3668 ceps
2322 3599 2559 3653 omnium
2610 3599 2760 3653 ﬁeret
2799 3602 3052 3655 memoria
3094 3613 3396 3657 sanctorum
3440 3624 3452 3657 :
3496 3620 3617 3674 qua:
3667 3610 3732 3660 ab

2109 3750 2113 3754 ,
2148 3690 2241 3744 illo
2270 3702 2512 3759 tempore
2543 3690 2591 3743 in
2623 3688 2871 3745 Kalendis
2915 3691 3253 3758 Novembris,
3303 3693 3354 3747 itt
3406 3696 3535 3749 urbe
3565 3695 3732 3750 Roma

2148 3783 2375 3837 celebris
2403 3792 2456 3835 et
2486 3782 2752 3851 generalis
2780 3783 2951 3852 agitur
2974 3823 2991 3850 ,
3040 3786 3132 3839 sed
3163 3787 3212 3839 in
3245 3785 3449 3853 Galliis,
3479 3802 3733 3843 monente

2142 3884 2342 3935 sanctae
2388 3873 2777 3927 recordationis
2826 3874 3087 3943 Gregorio
3138 3876 3409 3946 pontifice,
3463 3879 3736 3947 piissimus

2142 3961 2442 4017 Ludovicus
2489 3965 2781 4033 imperator
2827 3965 3076 4021 omnibus
3121 3968 3268 4037 regni
3298 3969 3381 4023 sui
3424 3979 3478 4023 et
3524 3970 3734 4040 imperii

1654 4077 1879 4134 EDITIO
1919 4075 2425 4132 BULLANDIANA.

533 4176 583 4230 i.
617 4204 687 4215 —
713 4174 1000 4229 KALENDIS.
1034 4173 1314 4229 Festivitas
1342 4174 1577 4227 omnium
1605 4173 1944 4227 Sanctorum.
1976 4172 2039 4224 Et
2071 4173 2115 4230 ι)
2143 4177 2196 4223 et
2223 4182 2383 4222 canes
2427 4167 2637 4222 feroces
2682 4166 2961 4223 duodecim
3010 4184 3129 4223 cum
3159 4185 3226 4224 eo
3266 4171 3594 4228 incluserunt
3639 4191 3739 4244 per

456 4269 507 4321 in
538 4267 726 4322 Castro
760 4267 957 4321 Diveun
1007 4268 1181 4320 natale
1210 4267 1267 4321 S.
1318 4266 1533 4335 Benigni
1572 4264 1886 4334 presbyteri,
1950 4263 2038 4330 qui

457 4373 577 4413 cum
612 4357 886 4411 Andocltio
910 4361 1343 4426 compresltytero
1372 4367 1425 4411 et
1465 4355 1635 4426 Tyrso
1658 4354 1882 4409 d.acono
1912 4353 2043 4407 mis-

461 4465 551 4502 sus
579 4459 660 4503 est
683 4465 711 4501 a
741 4448 798 4503 S.
833 4450 1085 4515 epist-otto
1117 4447 1411 4515 l’olycarpo
1440 4445 1508 4499 ab
1549 4446 1767 4500 Oriente
1809 4444 2036 4499 Galliam

457 4549 695 4609 tempore
741 4548 768 4574 ⁸
797 4538 1091 4593 Aureliani.
1127 4538 1225 4603 Qui
1252 4538 1627 4606 praedicatione
1655 4537 1769 4603 ejus
1800 4551 2043 4603 comper-

461 4641 533 4690 ta,
559 4629 586 4667 δ
621 4629 854 4683 vinctum
879 4645 997 4682 eum
1026 4639 1079 4682 et
1122 4644 1317 4683 caesum
1356 4629 1420 4681 ad
1463 4643 1522 4682 se
1552 4628 1741 4681 adduci
1772 4627 2038 4695 przecepit:

457 4732 507 4773 ct
532 4736 765 4783 rursum,
811 4720 990 4773 audita
1031 4736 1337 4774 sermonum
1377 4719 1490 4788 ejus
1515 4719 1837 4782 constantia,
1867 4719 2045 4772 nervis

460 4814 763 4867 durissimis
792 4828 912 4867 eum
944 4814 1076 4867 ρωάὶ
1119 4813 1263 4878 fecit,
1294 4823 1347 4868 et
1372 4812 1625 4867 Terentio
1670 4811 1855 4865 comiti
1886 4825 2046 4879 supe-

458 4902 679 4956 randum
722 4903 957 4957 tradidit.
984 4905 1026 4957 A
1052 4918 1158 4970 quo
1182 4904 1247 4956 ad
1278 4904 1541 4957 trocltleas
1567 4912 1820 4955 extensus
1847 4912 1901 4955 et
1922 4916 2031 4955 ca:-

459 5007 550 5045 sus
605 5008 666 5047 ac
712 5009 923 5048 rursum
977 4993 1181 5049 carceri
1238 4994 1567 5062 mancipatus
1599 5034 1615 5059 ,
1672 4996 1845 5048 'mane
1897 4992 2033 5047 idola

458 5081 657 5137 orando
703 5085 988 5151 destruxit,
1032 5097 1085 5139 et
1128 5086 1379 5140 reductus
1406 5095 1486 5140 est
1542 5087 1592 5139 in
1624 5100 1915 5140 carcerem.
1943 5085 2035 5139 Cui

457 5176 676 5231 SllblIlaS
705 5177 887 5231 decem
917 5178 1151 5233 calentes
1184 5178 1235 5231 in
1272 5177 1518 5231 manibus
1558 5178 1807 5240 ﬁxerunt,
1838 5184 2035 5229 etcum

456 5268 672 5334 plumbo
704 5268 929 5321 remisso
961 5269 1121 5337 pedes
1150 5269 1201 5322 in
1246 5268 1419 5337 lapide
1463 5269 1730 5336 perforato
1780 5265 2033 5327 ﬁxerunt,

2152 4272 2243 4311 sex
2275 4256 2410 4310 dies.
2440 4256 2505 4310 Et
2532 4256 2661 4310 aluit
2689 4272 2809 4312 eum
2836 4257 3058 4326 angelus
3088 4274 3222 4327 pane
3250 4260 3481 4323 caelesti,
3515 4262 3739 4317 subulas

2145 4348 2385 4411 abstulit,
2428 4357 2482 4402 et
2527 4364 2651 4402 eum
2710 4348 2777 4402 de
2807 4348 3025 4416 plumbo
3053 4363 3115 4403 ac
3169 4348 3311 4403 ferro
3346 4351 3562 4417 eripuit.
3608 4352 3742 4409 Post

2147 4437 2268 4501 hoc,
2293 4437 2491 4490 collum
2520 4434 2635 4504 ejus
2660 4448 2810 4490 vecte
2839 4438 3016 4491 ferreo
3054 4438 3200 4492 tundi
3247 4452 3310 4493 ac
3352 4440 3532 4495 lancea
3572 4442 3739 4497 forari

2140 4528 2375 4597 jubetur.
2408 4529 2525 4593 Quo
2566 4530 2703 4583 iacto
2740 4527 2985 4583 columba
3026 4529 3178 4582 nivea
3220 4529 3287 4583 de
3317 4546 3533 4586 carcere
3576 4534 3735 4587 Chri-

2147 4622 2335 4674 stianis
2362 4620 2743 4687 aspicientibus
2773 4619 2839 4673 ad
2870 4620 3036 4674 cmlos
3078 4620 3341 4685 ascendit,
3366 4630 3422 4676 et
3450 4624 3586 4676 odor
3616 4638 3738 4678 sua-

2154 4711 2402 4764 vissimus
2458 4711 2606 4777 quasi
2669 4711 2896 4778 paradisi
2950 4721 3168 4763 secutus
3209 4718 3313 4766 est.
3368 4712 3745 4768 Descendentc

2156 4802 2445 4857 Aureliano
2471 4817 2499 4855 a
2543 4801 2682 4867 loco,
2731 4800 3041 4869 supervenit
3073 4798 3136 4854 Β.
3180 4801 3440 4865 Leonilla,
3470 4816 3527 4856 et
3554 4806 3749 4858 condi-

2153 4903 2260 4948 tum
2295 4895 2625 4948 aromatibus
2670 4907 2861 4958 corpus
2918 4892 3077 4961 longe
3128 4891 3197 4945 ab
3245 4894 3362 4962 ipso
3408 4908 3632 4949 carcere
3652 4910 3745 4949 se-

2147 4986 2353 5054 pelivit.

2224 5083 2426 5137 Eodem
2458 5082 2543 5135 die
2592 5081 2780 5135 natalis
2810 5079 2867 5135 S.
2901 5078 3131 5135 Caesarei
3174 5079 3384 5133 diaconi
3432 5087 3488 5134 et
3542 5079 3747 5134 Juliaui

2150 5174 2444 5243 presbyteri
2489 5171 2801 5237 (Hactenus
2848 5170 2986 5242 A.);
3031 5170 3121 5240 qui
3172 5171 3416 5224 videlicet
3468 5168 3748 5224 Cwsarius

2151 5276 2389 5334 tempore
2421 5277 2444 5305 ο
2476 5263 2683 5319 Claudii
2720 5264 2944 5319 veniens
2991 5280 3057 5320 ex
3086 5264 3259 5318 Africa
3291 5265 3356 5317 ad
3387 5263 3746 5319 Terracinam

1851 5354 2053 5409 SMITII
2093 5353 2322 5411 NOTAE.

528 5454 556 5483 ι
584 5445 866 5499 Aureliani.
900 5444 1049 5499 Passi
1081 5455 1205 5501 sunt
1245 5447 1422 5511 potius
1461 5446 1559 5499 sub
1590 5446 1768 5500 Marco
1795 5447 2036 5502 Aurelio.

459 5514 569 5588 Qui
592 5517 733 5570 enim
768 5515 880 5588 ﬁeri
912 5529 1086 5582 potest
1114 5528 1164 5569 ut
1192 5516 1500 5588 discipulus
1542 5516 1818 5587 Polycarpi
1852 5532 2038 5588 perve-

460 5585 597 5654 nerit
620 5602 783 5654 usque
811 5587 877 5639 ad
910 5596 1147 5654 tempora
1174 5586 1443 5640 Aureliani
1466 5586 1487 5638 ?

535 5653 561 5689 δ
588 5654 761 5778 VAqut;
791 5653 1034 5725 vinctum,
1065 5667 1170 5711 etc.
1205 5696 1219 5721 ,
1274 5671 1442 5725 usque
1490 5656 1555 5710 ad
1595 5656 1715 5711 Post
1761 5659 1855 5712 hoc
1882 5699 1895 5726 ,
1931 5675 2039 5714 om.

535 5737 570 5777 ς.
670 5739 725 5778 re
765 5762 781 5778 .

466 5737 570 5779 ms.
597 5734 781 5779 Αιωυ.

2225 5460 2247 5487 ο
2282 5448 2507 5502 Claudii.
2535 5445 2803 5500 Caesarius
2824 5459 2953 5499 vero
3011 5460 3114 5499 non
3146 5445 3246 5498 sub
3286 5440 3509 5497 Claudio
3550 5457 3756 5511 passus

2148 5519 2523 5574 cst:Constat
2550 5519 2695 5571 enim
2749 5532 2811 5568 ex
2866 5515 3009 5570 Actis
3058 5515 3155 5571 SS.
3210 5515 3365 5567 Nerei
3405 5522 3460 5566 et
3516 5514 3753 5568 Achillei

2147 5590 2286 5657 quod
2323 5588 2605 5640 Domitillae
2629 5595 2681 5638 et
2711 5586 2975 5638 sociarum
3001 5600 3225 5652 Corpora
3261 5584 3553 5657 sepultura:
3583 5599 3753 5636 man-

2149 5652 2591 5725 daverit'l‘rajaui
2627 5658 2974 5721 temporibus.
3020 5656 3133 5722 Qua
3167 5658 3374 5725 ratione
3417 5652 3578 5725 igitur
3620 5665 3752 5719 post

2154 5746 2323 5786 annos
2347 5741 2559 5786 centum
2589 5736 2642 5783 ct
2678 5728 3010 5795 septuaginta
3052 5727 3153 5783 sub
3190 5724 3410 5781 Claudio
3436 5724 3609 5794 potuit
3636 5738 3747 5778 co-
