4054 6190
356 377 491 432 £089

1482 385 1673 440 secr.
1716 373 1890 440 ll.'—
1931 389 2489 449 lll.\lt'lei0l.OGlA.

3470 409 3605 466 1030

1604 495 1850 551 ΕΒΙἹΙΟ·’
1868 499 2333 558 COLONIENSIS.

352 581 618 652 episcopis
641 583 1117 647 consentientibus,
1159 585 1346 640 statuit
1373 597 1428 642 ut
1455 588 1764 646 solemniter
1790 592 1937 647 festi-
1963 603 2010 658 Α
2043 604 2148 651 tem
2179 598 2328 652 beata
2361 598 2624 666 Leonilla,
2674 609 2728 654 et
2767 602 3039 658 conditum
3070 607 3393 665 aromatibus
3417 625 3611 683 corpus

351 675 490 730 vitas
533 674 780 728 Omnium
829 674 1145 731 Sanctorum
1200 679 1251 733 in
1293 681 1509 749 praefata
1550 681 1636 737 die
1659 683 1930 738 annuatim

355 777 612 834 perpetuo
658 776 926 835 ageretur.
981 769 1150 836 Quam
1207 781 1447 826 sanctam
1500 773 1930 830 constitutionem

355 862 618 916 reverenti
651 863 830 916 animo
868 866 1106 932 suscepit
1144 867 1316 919 omnis
1347 865 1604 922 Ecclesia.
1656 869 1710 922 In
1755 879 1932 923 rastro

357 954 572 1005 Ilivione
620 953 797 1007 natale
841 954 1013 1007 sancti
1065 955 1283 1024 Benigni
1327 957 1639 1027 presbyteri,
1683 959 1771 1027 qui
1809 973 1928 1011 cum

353 1042 617 1095 Antiocho
647 1044 1106 1113 compresbytero,
1149 1056 1198 1098 et
1247 1045 1418 1114 Tyrso
1469 1047 1695 1100 diacono
1737 1049 1928 1103 missus

351 1143 435 1186 est
463 1147 492 1186 a
520 1145 706 1188 sancto
738 1134 1034 1209 Polycarpo
1060 1139 1125 1188 ab
1152 1138 1366 1192 Uriente
1406 1138 1456 1191 in
1488 1139 1708 1193 Galliam
1735 1157 1746 1192 :
1780 1141 1930 1209 cujus

351 1222 729 1289 praedicatione
752 1239 930 1278 comes
951 1225 1232 1281 Terentius
1255 1238 1524 1296 comperta
1548 1230 1784 1283 vinctum
1807 1247 1927 1285 eum

348 1323 399 1367 ct
427 1327 621 1368 caesum
653 1317 716 1368 ad
740 1331 798 1369 se
827 1316 1014 1370 adduci
1057 1319 1342 1387 praecepit;
1391 1328 1446 1372 et
1493 1334 1702 1373 rursum
1749 1320 1928 1375 audita

351 1418 653 1460 sermonum
695 1406 811 1476 ejus
858 1412 1175 1472 constantia,
1229 1409 1409 1464 nervis
1454 1410 1750 1466 durissimis
1795 1411 1930 1466 caedi

347 1499 493 1553 fecit.
527 1499 651 1554 Post
683 1503 796 1555 haec
841 1501 904 1555 ad
955 1502 1218 1558 trocltleas
1265 1516 1517 1561 extensus
1555 1515 1608 1561 et
1655 1521 1844 1573 caesus,
1877 1516 1930 1562 et

348 1603 558 1645 rursum
588 1593 784 1646 carceri
817 1594 1146 1662 mancipatus
1169 1636 1183 1658 ,
1235 1611 1394 1650 mane
1435 1597 1571 1650 idola
1603 1599 1806 1652 orando
1834 1599 1928 1655 de-

345 1682 556 1744 struxit,
589 1691 641 1734 et
668 1682 915 1736 reductus
945 1692 1027 1735 est
1056 1682 1109 1736 in
1138 1698 1404 1738 carcerem
1429 1703 1442 1738 :
1479 1685 1561 1739 cui
1591 1687 1807 1741 subolas
1833 1689 1927 1742 de-

345 1787 459 1824 cem
492 1773 728 1826 calentes
756 1773 806 1827 in
839 1774 1085 1828 manibus
1127 1775 1445 1840 iniixerunt,
1477 1786 1530 1830 et
1558 1791 1677 1830 cum
1709 1778 1926 1846 plumbo

343 1865 571 1919 remisso
602 1866 765 1934 pedes
796 1867 848 1921 in
883 1868 1057 1936 lapide
1095 1868 1365 1936 perforato
1395 1869 1650 1934 ﬁxerunt,
1684 1881 1736 1925 et
1763 1886 1925 1928 canes

2035 700 2138 740 non
2169 687 2322 758 longe
2350 690 2416 743 ab
2446 691 2560 758 ipso
2587 705 2802 746 carcere
2844 695 3108 760 sepelivit.
3147 695 3279 751 item
3305 711 3608 760 sanctorum

2032 775 2249 833 Ctesarii
2280 782 2504 845 diaconi,
2537 791 2590 836 et
2619 781 2809 838 Juliani
2845 788 3138 855 presbyteri
3162 807 3175 855 ;
3199 793 3309 861 qui,
3341 794 3610 865 videlicet,

2031 865 2292 921 Caesarius
2322 879 2559 939 tempore
2584 873 2785 927 Claudii
2818 876 3032 930 veniens
3063 893 3125 932 ex
3168 882 3346 936 Africa
3377 884 3442 938 ad
3471 885 3609 940 Ter-

2033 959 2266 1012 racinam
2294 959 2595 1030 Campaniae
2621 963 2911 1031 civitatem,
2935 968 3060 1021 dum
3089 980 3270 1024 contra
3300 973 3607 1029 idololatras

2031 1053 2410 1119 proclamaret,
2445 1055 2496 1107 in
2533 1055 2742 1122 publico
2775 1068 2950 1112 tentus
2979 1071 3060 1115 est
3102 1077 3130 1116 a
3173 1062 3407 1117 Firmino
3437 1068 3611 1132 ponti-

2034 1143 2150 1207 fice,
2181 1151 2233 1196 et
2259 1143 2310 1196 in
2339 1145 2632 1198 custodiam
2665 1147 2932 1208 reclusus:
2962 1150 3050 1203 ubi
3073 1151 3259 1206 diebus
3289 1156 3467 1208 multis
3498 1171 3609 1211 ma-

2029 1243 2264 1300 ceratus,
2292 1233 2483 1288 deinde
2515 1234 2738 1289 traditus
2767 1246 2850 1289 est
2880 1237 3102 1292 Leontio
3139 1244 3404 1298 consulari
3447 1242 3610 1299 Cam-

2031 1324 2232 1392 paniae:
2269 1339 2424 1393 quem
2457 1326 2541 1380 ille
2570 1341 2690 1380 cum
2723 1328 2901 1382 verbis
2928 1346 3181 1399 superare
3205 1337 3470 1406 nequiret,
3496 1338 3610 1406 jus-

2028 1416 2095 1468 sit
2125 1416 2356 1469 vinctum
2386 1428 2512 1471 ante
2537 1431 2849 1485 carpentum
2890 1434 3042 1474 suum
3068 1423 3264 1479 ducere
3295 1427 3466 1495 ligatis
3496 1444 3609 1482 ma-

2029 1505 2187 1560 nibus
2219 1509 2414 1560 nudum
2444 1522 2612 1576 usque
2639 1510 2704 1562 ad
2747 1511 2998 1580 templum
3030 1514 3458 1583 ApollinimQuo
3485 1533 3606 1573 cum

2039 1599 2388 1664 pervenisset,
2421 1597 2486 1650 ad
2517 1600 2810 1653 orationem
2855 1602 2969 1668 ejus
3007 1605 3210 1657 corruit
3241 1607 3520 1674 templum,
3553 1619 3608 1663 et

2027 1686 2221 1740 occidit
2259 1687 2561 1755 pontificem
2612 1687 2931 1744 Firminum.
2979 1692 3104 1748 Post
3153 1695 3254 1749 hoc
3301 1698 3543 1752 reclusus
3574 1714 3605 1752 a

2026 1775 2259 1830 Luxurio
2290 1779 2340 1830 in
2372 1793 2590 1832 carcere
2638 1781 2807 1846 primo
2854 1782 3118 1851 civitatis,
3171 1784 3271 1838 fttit
3307 1786 3380 1840 ibi
3408 1803 3604 1842 annum

2027 1883 2186 1920 unum
2214 1877 2570 1930 etmensem;
2621 1869 2815 1924 deinde
2853 1872 3076 1927 eductus
3115 1875 3164 1927 in
3198 1873 3376 1930 forum
3420 1878 3486 1932 ab
3515 1893 3601 1944 eo,

339 1958 617 2013 duodecim
671 1960 875 2015 feroces
916 1961 1248 2016 incluserunt
1284 1977 1401 2015 cum
1441 1977 1505 2017 eo
1538 1978 1631 2031 per
1660 1979 1751 2017 sex
1783 1964 1915 2018 dies.
1949 1975 1996 2034 Β
2027 1957 2152 2012 dum
2180 1969 2377 2019 oraret.
2420 1960 2625 2014 ctelesti
2657 1971 2737 2014 est
2766 1960 2966 2015 lumine
3011 1963 3389 2032 circumdatus,
3434 1968 3501 2020 ita
3549 1977 3606 2020 ut

343 2049 407 2101 Et
434 2049 654 2117 angelus
685 2049 862 2103 attulit
889 2067 1075 2116 panem
1104 2052 1377 2106 caelestem
1402 2053 1471 2116 ei,
1495 2055 1712 2108 subulas
1731 2054 1918 2110 abstu-

341 2137 422 2203 lit,
453 2149 507 2192 et
534 2155 652 2193 eunt
681 2140 748 2194 de
778 2141 995 2208 plumbo
1022 2157 1084 2196 ac
1114 2143 1254 2196 ferro
1278 2144 1494 2211 eripuit.
1520 2146 1646 2199 Post
1678 2147 1779 2200 hoc
1807 2146 1921 2201 col-

344 2229 453 2282 ium
480 2229 596 2299 ejus
628 2241 776 2284 recte
804 2231 980 2286 ferreo
1015 2233 1159 2286 tundi
1201 2234 1472 2302 praecepit,
1502 2241 1556 2289 et
1581 2250 1772 2304 corpus
1801 2251 1915 2303 ejus

342 2322 526 2378 lancea
555 2325 831 2392 perforari.
856 2328 971 2393 Quo
1000 2326 1138 2382 facto
1164 2327 1406 2381 columba
1433 2327 1584 2382 nivea
1613 2326 1679 2381 de
1701 2341 1916 2382 earcere

336 2410 654 2468 Christianis
685 2416 1062 2483 aspicientibus
1101 2417 1166 2469 ad
1211 2417 1374 2472 celos
1402 2416 1669 2482 ascendit,
1704 2425 1757 2470 et
1787 2418 1920 2471 odor

337 2504 688 2560 suavissimus
717 2507 865 2575 quasi
891 2506 959 2561 de
985 2508 1230 2576 paradiso
1259 2519 1473 2564 secutus
1503 2518 1606 2563 est.
1646 2508 1799 2563 Venit
1825 2523 1920 2560 au-

2025 2051 2139 2117 ipse
2172 2049 2422 2105 Leontius
2453 2052 2715 2117 crederet,
2745 2065 2798 2106 et
2827 2053 3116 2108 Caesarium
3150 2056 3236 2124 qui
3268 2066 3380 2111 erat
3407 2057 3599 2120 nudus,

2024 2160 2121 2199 sua
2149 2144 2428 2213 chlamyde
2460 2144 2700 2198 indueret
2726 2155 2778 2197 et
2810 2145 3186 2212 baptizaretur,
3230 2163 3293 2202 ac
3330 2162 3522 2216 corpus
3548 2160 3602 2204 et

2022 2235 2334 2304 sanguinem
2363 2233 2568 2288 Domini
2601 2236 2866 2302 acciperet
2885 2235 2950 2288 de
2979 2251 3132 2290 manu
3159 2237 3352 2292 Juliani
3382 2240 3603 2309 ptesby-

2026 2326 2147 2379 teri.
2179 2324 2287 2380 Nec
2335 2340 2505 2390 mora,
2538 2325 2674 2379 dicta
2706 2342 2865 2394 super
2894 2342 3016 2381 eum
3061 2331 3335 2396 oratione,
3383 2331 3601 2388 tradidit

2021 2413 2288 2482 Spiritum,
2325 2415 2475 2468 tertia
2503 2414 2764 2469 Kalendas
2795 2416 3131 2474 Novembris.
3161 2419 3308 2474 Tunc
3336 2421 3598 2477 Luxurias

2019 2504 2176 2573 jussit
2197 2505 2461 2559 lulianum
2486 2513 2538 2560 et
2565 2504 2852 2561 Ctesatium
2883 2507 3018 2562 mitti
3047 2509 3100 2563 in
3131 2524 3364 2578 saccum,
3391 2521 3443 2566 et
3464 2528 3599 2583 pra:-

1556 2599 1782 2654 EDlTlO
1821 2594 2318 2652 BOLLANDIANA.

334 2687 636 2755 Campania:
683 2688 970 2752 civitatem,
1016 2687 1139 2742 dum
1163 2701 1345 2743 contra
1370 2688 1675 2744 idololatras
1708 2689 1912 2757 procla-

339 2787 529 2844 maret,
566 2780 615 2830 in
652 2779 861 2844 publico
893 2787 1068 2831 tentus
1098 2788 1180 2832 est
1215 2795 1244 2830 a
1291 2778 1528 2832 Firmino
1558 2779 1824 2848 pontifice,
1859 2786 1913 2832 et

336 2871 388 2923 in
419 2869 710 2924 custodiam
737 2869 976 2924 reclusus
1002 2887 1016 2924 :
1049 2871 1133 2924 ubi
1165 2869 1352 2925 diebus
1385 2869 1564 2924 multis
1592 2879 1907 2937 maceratus,

335 2960 527 3014 deinde
576 2960 799 3015 traditus
857 2972 937 3016 est
1003 2960 1220 3013 Leontio
1275 2961 1538 3014 consulari
1583 2960 1905 3028 Campaniae.

336 3052 501 3119 Quem
531 3053 620 3106 ille
648 3068 768 3106 cum
799 3053 973 3105 verbis
1013 3065 1271 3118 superare
1321 3052 1582 3120 nequiret,
1614 3050 1774 3118 jussit
1795 3048 1910 3103 vin-

334 3151 476 3195 ctum
508 3152 630 3196 ante
677 3150 984 3209 carpentum
1036 3142 1177 3207 duri,
1211 3142 1380 3210 ligatis
1430 3141 1673 3194 manibus
1710 3139 1904 3194 nudum

334 3247 501 3301 usque
540 3232 604 3286 ad
636 3232 887 3299 templum
919 3233 1196 3301 Apollinis.
1221 3233 1338 3298 Quo
1365 3247 1484 3286 cum
1517 3234 1902 3300 pervenissent,

332 3327 396 3378 ad
425 3327 720 3380 orationem
749 3323 865 3394 ejus
891 3327 1092 3379 corruit
1133 3326 1385 3394 templum
1420 3335 1474 3378 et
1500 3324 1693 3378 occidit
1736 3324 1907 3392 ponti-

2015 2687 2154 2740 rium
2186 2685 2321 2738 mitti
2353 2683 2405 2738 in
2452 2700 2667 2740 saccum
2719 2696 2772 2740 et
2820 2688 3135 2755 pra-cipitari
3193 2691 3244 2743 in
3295 2706 3460 2746 mare.
3495 2693 3594 2760 Qui

2016 2776 2204 2829 eodem
2237 2775 2322 2828 die
2354 2774 2537 2842 rejecti
2570 2777 2635 2829 ad
2669 2778 2814 2830 littus
2860 2787 2913 2831 et
2949 2780 3143 2846 sepulti
3185 2791 3310 2834 sunt
3340 2783 3406 2836 ab
3431 2793 3455 2820 ι
3487 2783 3594 2837 Ειι-

2014 2865 2161 2919 scbio
2191 2879 2347 2918 servo
2379 2865 2471 2919 Dei
2511 2865 2665 2934 juxta
2698 2869 2880 2920 urbem
2935 2869 3291 2925 Terracinam.
3343 2874 3408 2926 Et
3451 2874 3591 2929 idem

2015 2954 2275 3008 Eusebius
2307 2964 2486 3023 postea
2534 2957 2850 3025 martyrium
2895 2974 3084 3026 passus
3124 2969 3207 3014 est
3251 2977 3371 3016 cum
3417 2963 3593 3021 Felice

2013 3051 2344 3116 presbytero.

2083 3138 2283 3193 Eodem
2301 3137 2386 3211 [L.
2410 3154 2511 3192 om.
2536 3140 2749 3206 eodem,
2771 3140 2891 3212 etc.]
2914 3142 3000 3197 die
3018 3143 3277 3212 depositio
3297 3143 3325 3184 ι’
3349 3145 3589 3202 Severini

2012 3231 2255 3284 tnonachi
2287 3231 2354 3286 de
2384 3231 2663 3286 Tiburtina
2691 3232 2921 3288 civitate.

2081 3319 2270 3376 Florus
2319 3323 2372 3376 in
2400 3324 2464 3378 A.
2515 3335 2567 3378 et
2625 3323 2728 3378 T.:
2780 3323 2898 3391 lpso
2944 3325 3029 3379 die
3082 3326 3256 3392 passio
3285 3337 3588 3383 sanctorum

334 3418 484 3471 ficem
536 3417 848 3471 Firminum.
893 3419 1020 3472 Post
1064 3418 1166 3472 hoc
1217 3418 1456 3471 reclusus
1503 3417 1846 3469 incarcerem
1878 3431 1905 3466 a
1935 3408 1978 3468 C
2013 3421 2304 3480 martyrum
2356 3413 2624 3468 Eustachii
2675 3424 2730 3468 et
2776 3415 2956 3469 uxoris
2993 3415 3113 3483 ejus
3159 3416 3496 3484 Theospidis,
3533 3430 3590 3473 et

337 3506 568 3561 Lnxurio
615 3509 785 3576 primo
814 3508 1061 3574 civitatis,
1095 3508 1193 3562 fuit
1238 3508 1307 3562 ibi
1347 3522 1545 3560 annum
1590 3516 1642 3560 et
1671 3521 1904 3558 mensem

330 3613 512 3650 unum.
549 3599 746 3654 Deinde
776 3601 998 3654 eductus
1047 3601 1097 3653 in
1140 3599 1276 3666 foro,
1319 3615 1346 3650 a
1380 3599 1509 3661 Deo,
1555 3613 1674 3650 cum
1705 3607 1900 3658 oraret,

327 3693 532 3746 caelesti
562 3703 642 3746 est
697 3693 814 3746 luce
849 3692 1226 3756 circumdatus,
1278 3699 1334 3744 ut
1366 3691 1476 3756 ipse
1509 3689 1760 3743 Leontius
1787 3702 1904 3740 cre-

331 3781 505 3845 deret,
535 3780 824 3834 Cazsarium
852 3783 936 3849 qui
966 3791 1082 3835 erat
1112 3781 1284 3834 nudus
1325 3794 1417 3833 sua
1450 3777 1731 3844 chlamyde
1760 3785 1904 3844 tege-

330 3882 427 3935 ret,
459 3871 840 3938 baptizaretur,
869 3886 1062 3939 corpus
1099 3882 1152 3924 et
1182 3869 1491 3938 sanguinem
1519 3866 1726 3920 Domini
1763 3864 1896 3918 aet-i-

331 3974 475 4028 peret
521 3963 587 4014 de
620 3978 776 4015 manu
819 3962 1012 4014 .luliani
1044 3961 1336 4030 presbyteri
1368 3977 1380 4010 :
1431 3971 1527 4011 nec
1558 3971 1726 4020 mora,
1758 3956 1899 4008 dicta

327 4068 487 4119 super
519 4069 638 4106 eum
685 4055 943 4117 oratione,
1004 4051 1219 4104 tradidit
1259 4050 1502 4117 spiritum
1555 4063 1607 4099 ιιι
1639 4045 1902 4099 Kalendas

326 4145 657 4201 Novembris.
686 4147 835 4200 Tunc
858 4145 1118 4200 Luxurias
1138 4144 1296 4213 jussit
1333 4143 1604 4198 lulianum
1638 4150 1690 4194 et
1717 4138 1898 4191 (besa-

2011 3501 2236 3553 iiliorum
2262 3503 2466 3569 Agapiti
2498 3514 2550 3556 et
2577 3504 2893 3571 TheOSpidis
2920 3522 2931 3556 :
2976 3507 3062 3571 qui
3098 3514 3334 3573 tempore
3365 3508 3584 3561 Adriani

2006 3589 2367 3659 imperatoris,
2400 3609 2518 3645 cum
2552 3594 2757 3646 nollent
2784 3593 3085 3646 sacrificare
3111 3595 3235 3658 diis,
3271 3595 3416 3647 missi
3449 3597 3586 3662 pari-

2007 3689 2087 3733 ter
2117 3680 2169 3733 in
2201 3679 2386 3734 bovem
2425 3683 2634 3751 igneum
2669 3683 2774 3749 igni
2804 3683 3046 3736 succensi
3079 3693 3220 3738 sunt.
3248 3683 3301 3736 lo
3332 3699 3430 3736 ms.
3469 3685 3583 3739 La:-

2007 3776 2163 3828 tiensi
2190 3789 2457 3842 ponuntur
2484 3779 2596 3832 lucc
2619 3779 2704 3832 die
2732 3777 2994 3846 sequenti.

2077 3865 2142 3918 A.
2175 3867 2238 3920 T.
2267 3907 2279 3924 .
2317 3867 2515 3922 Eodrm
2548 3869 2631 3920 die
2655 3870 2927 3921 translatio
2974 3867 3212 3933 corporis
3241 3866 3294 3922 S.
3343 3878 3365 3907 ο
3398 3869 3580 3923 Audo-

2009 3936 2140 3989 mari
2187 3935 2417 4004 epist-Opi
2452 3948 2502 3992 et
2551 3938 2888 3991 confessoris.
2933 3938 2996 3990 Τ.
3025 3978 3040 4001 ,
3097 3938 3212 3999 Ipso
3271 3939 3357 3992 die
3409 3942 3583 3994 natale

2009 4006 2064 4058 S.
2093 4006 2329 4061 Remedii
2355 4008 2588 4076 episcopi
2612 4019 2665 4061 et
2688 4009 3025 4061 confessoris.
3052 4006 3112 4060 ν.
3132 4008 3216 4071 C.,
3243 4009 3466 4062 Pictavis
3487 4011 3582 4064 de-

2011 4077 2204 4128 dicatio
2244 4080 2473 4132 basilicae
2504 4080 2560 4133 S.
2589 4076 2612 4114 ἀ
2650 4080 2828 4131 llilarii
2871 4079 3105 4145 episcopi
3135 4089 3188 4131 et
3233 4077 3576 4135 confessoris.

2013 4145 2071 4201 Β.
2101 4185 2118 4212 ,
2151 4147 2214 4200 Et
2241 4149 2362 4203 alibi
2393 4150 2652 4217 depositio
2688 4156 2711 4186 ο
2735 4146 3002 4202 Eustachii
3044 4148 3224 4202 militis
3264 4163 3383 4202 cum
3415 4165 3580 4206 uxore

1715 4226 1923 4282 SMlTﬂ
1961 4230 2188 4287 NOTAE.

328 4322 502 4376 ronari
521 4321 544 4374 ἲ
566 4321 618 4373 Si
653 4333 777 4374 vero
799 4321 864 4373 de
885 4321 1104 4375 Claudio
1131 4319 1341 4373 Nerone
1364 4316 1762 4384 intelligendum
1795 4328 1895 4386 est,

328 4407 506 4445 rursus
535 4393 690 4444 etiam
719 4401 901 4458 patens
937 4406 1087 4442 error
1131 4387 1568 4458 deprehenditur,
1595 4401 1713 4438 cum
1739 4389 1899 4456 longe

327 4474 448 4514 ante.
516 4457 800 4527 'l‘rajanom
875 4457 1248 4526 imjeratorein
1323 4458 1463 4509 Nero
1512 4457 1576 4508 sit
1631 4467 1890 4512 mortuus.

328 4535 589 4585 llanomus
623 4534 672 4582 in
699 4529 868 4582 Notis.

397 4612 422 4636 α
455 4599 720 4652 Eusebius.
751 4603 820 4652 De
845 4603 942 4652 hoc
970 4609 1021 4650 et
1043 4601 1102 4654 S.
1148 4596 1321 4650 Felice
1351 4595 1468 4648 vide
1515 4595 1652 4648 infra
1683 4596 1824 4649 diem
1856 4597 1890 4651 5

330 4670 484 4738 hujus
517 4673 731 4721 mensis.

402 4735 426 4776 ί)
460 4739 688 4794 Setstrim'
728 4738 1007 4792 Conditum
1051 4738 1272 4790 habetur
1308 4737 1425 4802 ejus
1455 4747 1648 4801 corpus
1693 4735 1891 4790 Tibure

327 4811 392 4864 ad
416 4810 473 4863 S.
508 4811 797 4874 Laurentii,
841 4819 896 4862 ιιι
931 4808 1044 4875 ejus
1075 4808 1310 4860 ecclesia:
1343 4813 1520 4859 vetera
1551 4817 1888 4859 monumenta

329 4881 650 4948 signtiicant.
682 4880 878 4932 anon.
912 4880 962 4931 itt
991 4877 1159 4948 Notis.
1350 4945 1360 4948 _
1500 4885 1533 4948 _'

400 4942 422 4989 ὲ
451 4951 749 5001 Audomm'i.
781 4950 852 5002 De
883 4947 1250 5008 translatione,
1283 4945 1364 4998 vel
1407 4942 1579 5011 potius
1631 4942 1888 4998 relatione

306 5021 364 5073 S.
412 5020 696 5072 Andomari
755 5019 943 5086 legitur
990 5019 1040 5070 in
1083 5016 1369 5070 Mabillonii
1416 5018 1536 5066 Act.
1580 5013 1722 5086 llett._
1760 5029 1884 5086 smc.

307 5104 361 5141 ιιι
389 5134 401 5149 ,
420 5097 550 5155 part.
579 5103 616 5150 ι,
647 5105 697 5155 p.
719 5083 853 5139 1‘23:
888 5089 1044 5140 Facta
1065 5097 1146 5140 est
1165 5097 1338 5138 autem
1359 5083 1761 5155 harctranslatio
1777 5085 1888 5138 sive

324 5153 511 5212 relatio
543 5153 681 5211 anno
708 5155 831 5209 845.
860 5156 991 5210 Cum
1024 5159 1162 5209 enim
1201 5157 1346 5224 Ilugo
1371 5153 1886 5224 abbaS_Sitliiuensis

325 5229 383 5280 S.
444 5227 732 5281 Attdomari
787 5241 979 5295 corpus
1037 5221 1348 5279 Vermandis
1415 5223 1480 5274 ad
1653 5222 1884 5288 Quintini

324 5297 706 5350 monasterium
735 5293 945 5349 deferre
995 5298 1040 5347 vi
1069 5308 1344 5363 aggressus
1365 5302 1464 5357 est,
1511 5293 1690 5345 villam
1723 5308 1888 5363 usque

326 5371 552 5437 Lisburg
579 5368 791 5422 nomine
807 5381 926 5419 cum
954 5380 1046 5437 sua
1079 5361 1417 5437 multitudine
1440 5364 1733 5437 deportavit
1756 5379 1768 5416 :
1791 5361 1886 5416 sed

323 5456 446 5492 cum
503 5432 724 5494 ulterius
776 5436 1018 5505 progredi
1061 5436 1260 5502 vellet,
1299 5432 1588 5505 itttultitudo
1643 5433 1885 5505 universa

321 5525 516 5576 corpus
546 5525 572 5560 a
627 5501 789 5561 terra'
813 5501 992 5559 levare
1039 5520 1141 5556 non
1171 5501 1353 5576 valuit.
1383 5503 1439 5555 Β.
1469 5503 1624 5576 igitur
1670 5501 1884 5576 lf‘olqui-

325 5572 433 5632 nos
453 5579 733 5645 episcopus
765 5577 1084 5630 Sitltiuensis
1111 5589 1230 5627 cum
1270 5575 1381 5626 suis
1406 5572 1639 5632 veniens,
1667 5573 1883 5645 thesau-

323 5665 442 5703 rum
474 5641 622 5702 illum
665 5647 970 5713 reportavit,
999 5653 1053 5698 et
1095 5657 1396 5711 praecavens
1445 5655 1511 5713 ne
1559 5641 1886 5713 parilintodo

325 5735 522 5786 corpus
560 5710 855 5786 auferretur
897 5710 1134 5786 sanctum
1164 5759 1181 5777 ,
1226 5714 1352 5766 illud
1393 5713 1445 5766 in
1500 5711 1668 5786 insula
1712 5710 1884 5766 Sithitt

330 5782 478 5851 iusia
501 5802 690 5854 corpus
713 5785 772 5838 Β.
809 5787 1000 5840 ιὶειιὶιιί
1026 5784 1124 5840 sub
1154 5792 1295 5842 terra
1326 5782 1638 5838 recondidit.

2077 4323 2104 4362 ἀ
2137 4326 2347 4380 Hilarii.
2401 4325 2566 4378 Hodie
2596 4322 2872 4376 translatio
2902 4321 3056 4389 hujus
3085 4321 3389 4387 angelorum
3417 4321 3570 4376 mini«

2003 4396 2169 4450 Sterio
2207 4398 2340 4450 facta
2370 4405 2472 4455 est,
2507 4412 2533 4448 a
2566 4396 2731 4447 veteri
2775 4393 3084 4446 monaSterii
3119 4391 3407 4445 suburbani
3438 4402 3572 4446 tem-

2004 4468 2107 4532 plo,
2146 4469 2207 4519 ad
2242 4481 2428 4520 novam
2463 4465 2732 4518 basilicam
2783 4462 3022 4515 urbicam
3053 4477 3210 4530 quam
3256 4462 3572 4515 Tredelinus

1926 4531 1976 4589 D
2002 4531 2166 4588 abbas
2187 4545 2446 4600 erexerat,
2479 4537 2734 4603 episcopo
2776 4542 3054 4598 spectante
3082 4540 3136 4603 et
3177 4542 3440 4598 stupente,
3479 4534 3569 4600 qui

1993 4608 2344 4662 dedicationis
2376 4601 2555 4672 templi
2588 4604 2848 4658 absolutis
2877 4601 3176 4663 soletnniis,
3206 4613 3324 4668 post
3349 4609 3567 4672 noctur-

1994 4693 2088 4728 nas
2123 4693 2304 4740 preces
2349 4669 2538 4743 quibus
2583 4690 2702 4728 eum
2735 4673 2925 4725 abbate
2955 4680 3010 4724 et
3051 4673 3322 4743 monachis
3345 4669 3566 4743 insiste-

1993 4749 2100 4808 bat,
2134 4760 2328 4814 corpus
2367 4741 2671 4797 transferre
2712 4743 2938 4814 eveleri
2990 4752 3094 4814 situ
3145 4741 3208 4793 ad
3263 4741 3563 4814 ordinatum

1991 4811 2281 4869 sacrarium
2312 4816 2596 4868 statuebat.
2630 4812 2946 4868 Celebratur
2989 4811 3103 4864 hiBC
3131 4813 3318 4864 eadem
3343 4811 3565 4864 transla-

1993 4889 2064 4940 tio
2094 4887 2160 4937 26
2190 4885 2351 4938 Junii.

2068 4965 2090 4991 θ
2123 4953 2403 5007 Eustachii.
2464 4953 2776 5005 Eustachius
2832 4960 2947 5004 erat
3002 4950 3104 5002 dux
3157 4950 3459 5014 exercitus,
3509 4961 3564 5004 et

1989 5025 2111 5078 dum
2139 5025 2350 5092 gentilis
2378 5024 2494 5087 fttit,
2521 5022 2803 5075 vocabatur
2829 5019 3109 5092 Placidus;
3134 5033 3350 5092 egresso
3379 5031 3560 5092 autem

1990 5097 2040 5149 ei
2072 5089 2456 5147 ad'venandutn
2511 5093 2753 5159 apparuit
2778 5092 2829 5144 in
2873 5090 3014 5144 cervi
3068 5089 3316 5143 cornibus
3359 5089 3564 5155 effigias

1989 5167 2236 5219 (.‘rucilixi
2269 5204 2286 5228 ,
2343 5173 2398 5216 et
2461 5160 2688 5228 insonuit
2744 5174 2843 5213 vox
2869 5161 3135 5228 quedam,
3188 5170 3242 5211 ιιι
3288 5161 3562 5212 accederet

1987 5238 2049 5288 ad
2103 5226 2527 5288 Christianorum
2578 5226 2906 5284 sacerdotem
2953 5237 3007 5282 et
3053 5230 3420 5296 baptizaretur,
3470 5230 3562 5295 ju-

1987 5307 2134 5360 bens.
2170 5305 2311 5360 Uxor
2349 5303 2508 5358 etiam
2563 5303 2613 5353 in
2643 5298 2842 5353 somnis
2873 5301 3071 5353 visione
3094 5300 3358 5352 admonita
3387 5306 3469 5352 est
3505 5306 3565 5350 ut

1986 5391 2104 5430 cum
2138 5376 2328 5446 marito
2383 5375 2476 5426 fiat
2502 5371 2790 5446 Christina.
2818 5369 3089 5424 Venerunt
3118 5371 3294 5446 igitur
3348 5367 3555 5446 duobus

1987 5446 2110 5500 filiis
2150 5447 2253 5516 adq
2276 5443 2533 5516 Joannem
2589 5441 2956 5516 sacerdotem,
3008 5438 3360 5516 et_baptizati
3430 5446 3557 5516 sunt

1985 5531 2193 5568 omnes.
2226 5513 2454 5567 Proinde
2479 5514 2658 5581 pestis
2685 5511 2856 5578 gravis
2891 5508 3157 5581 Eustachii
3190 5507 3442 5581 familiam
3475 5507 3556 5581 in-

1987 5587 2139 5650 vasit,
2161 5598 2388 5651 euntque
2418 5575 2662 5635 omnibus
2682 5575 2904 5648 quorum
2932 5589 3044 5651 erat
3077 5577 3347 5651 dominus,
3378 5575 3555 5651 homi-

1986 5647 2138 5710 nibus
2161 5647 2362 5707 scilicet
2387 5663 2441 5706 et
2475 5647 2750 5719 jumentis,
2774 5649 3038 5714 spoliavit.
3065 5647 3239 5712 Quam
3269 5647 3546 5719 calamita-

1987 5738 2090 5780 tem
2148 5740 2251 5779 uon
2307 5717 2624 5787 sustinens;
2673 5723 2917 5774 exsulare
2963 5719 3145 5773 statuit
3208 5725 3265 5770 et
3311 5717 3446 5787 clam
3474 5717 3553 5787 _ln

1986 5796 2270 5868 Egyptum
2297 5808 2418 5850 cum
2441 5792 2548 5849 suis
2574 5785 2853 5863 proficisci.
2884 5789 3014 5844 Cum
3037 5797 3212 5844 autem
3238 5801 3270 5843 e
3311 5786 3429 5843 navi
3454 5785 3552 5842 de-
