4054 6190
543 371 672 424 {tibi

1279 364 1479 418 BEDAE
1525 361 1973 416 VENERABILIS
2013 359 2160 414 OPP.
2204 354 2377 412 PA‘RS
2418 356 2505 411 IV.
2548 385 2616 397 —
2658 352 3040 411 lllSTORlC.\.

3626 340 3761 395 i002

1784 469 2012 524 EDITIO
2051 465 2514 524 COEONIENSIS.

534 572 739 641 cipitari
770 570 819 623 iu
846 568 999 621 mari.
1029 566 1126 633 Qui
1155 565 1341 620 eodem
1370 563 1457 617 die
1483 562 1667 631 rejecti
1697 570 1821 615 sunt
1846 561 1912 615 ad
1943 562 2109 623 littus,
2139 562 2187 617 Α
2219 556 2613 620 misericordia,
2643 555 2844 621 studio,
2877 554 3167 622 vigilantia,
3199 563 3358 622 alque
3384 553 3629 609 omnibus
3655 555 3797 619 opti-

535 676 588 719 et
617 662 808 731 sepulti
838 662 904 714 ab
936 658 1163 713 Eusebio
1194 657 1408 709 homine
1441 655 1555 719 Dei,
1586 655 1728 707 iuxta
1755 654 1941 707 urbem
1971 652 2106 706 Ter-

537 754 796 817 racinam,
826 762 880 806 et
910 751 1045 805 idem
1080 746 1338 803 Eusebius
1370 757 1550 815 postea
1584 744 1891 815 martyrium
1921 758 2109 813 passus

532 854 615 899 est
642 861 761 899 cum
797 843 970 897 Felice
998 840 1331 909 presbytero.
1361 836 1427 890 Et
1453 836 1715 903 depositio
1744 835 1914 889 sancti
1947 835 2110 889 Seve-

533 936 632 989 rini
663 932 905 988 monachi
951 932 1015 985 tle
1041 927 1332 997 'I‘yburtina
1361 926 1594 991 civitate,
1627 935 1680 979 et
1708 934 1905 978 sancta:
1933 923 2109 977 Maria:

534 1030 801 1099 martyris.

604 1125 665 1175 Ε.
701 1122 761 1174 IV
797 1119 923 1175 NON.
958 1117 1202 1171 Novsua.
1229 1144 1297 1155 -—-
1324 1114 1508 1168 Natale
1539 1111 1705 1165 sancti
1732 1106 1987 1163 Victorini
2020 1106 2107 1160 Pi-

530 1214 817 1270 ctaviensis
840 1210 1096 1279 episcopi,
1129 1208 1214 1275 qui
1249 1200 1945 1275 persecutioneDiocletiani
1967 1215 2108 1253 mar-

529 1311 664 1379 tyrio
694 1316 976 1360 coronatus
1012 1312 1114 1356 est.
1158 1299 1311 1368 Apud
1356 1298 1651 1353 Laoditiam
1681 1297 1817 1350 beati
1845 1293 2105 1350 Theodoti

532 1398 782 1467 episcopi,
816 1394 914 1450 viri
943 1407 1047 1447 non
1076 1392 1251 1444 solum
1280 1390 1476 1451 verbis,
1509 1388 1605 1441 sed
1639 1396 1693 1440 et
1730 1387 1888 1442 rebus
1914 1394 1969 1441 et
1989 1386 2101 1442 vir-

536 1488 729 1540 tutibus
760 1485 949 1539 ornati.
990 1483 1082 1536 llic
1111 1490 1225 1535 arte
1252 1479 1489 1536 medicos
1518 1478 1614 1531 fuit
1639 1478 1879 1547 quidem,
1910 1476 2005 1532 sed
2033 1477 2099 1531 ad

530 1577 820 1631 animarum
855 1589 883 1625 a
916 1573 1141 1626 Domino
1172 1570 1458 1623 translatus
1493 1578 1575 1622 est
1604 1567 1945 1635 medicinam,
1978 1582 2104 1621 vere

530 1663 976 1735 'ncomparabilis,
1008 1664 1099 1731 qui
1128 1676 1288 1730 super
1318 1674 1673 1728 omnespene
1703 1658 1944 1713 homines
1975 1658 2099 1725 fide,

2215 653 2314 706 mis
2342 650 2762 705 institutionibus
2783 648 2990 702 claruit.
3019 648 3072 701 In
3103 646 3393 715 Scripturis
3419 661 3633 716 quoque
3656 646 3797 700 divi-

2215 743 2295 797 nis
2326 742 2595 797 laboribus
2620 740 3070 809 quamplurimum
3095 739 3279 809 gessit,
3309 737 3533 807 quievit,
3558 741 3797 805 sepultus

2213 833 2267 886 in
2293 840 2570 887 senectute
2598 830 2757 884 bona.
2789 830 2919 884 Item
2953 829 3123 883 sancti
3155 829 3421 884 Ambrosii
3450 829 3657 883 abbatis
3679 845 3799 882 mo-

2215 918 2435 976 nasterii
2466 918 2819 989 Agaunensis.
2852 916 3071 972 Viennae
3100 919 3269 972 sancti
3312 917 3523 987 Georgii
3553 916 3795 985 ejusdem

2221 1010 2363 1065 urbis
2394 1010 2652 1080 episcopi.
2690 1009 2744 1063 In
2776 1008 2954 1063 Africa
2982 1018 3285 1063 sanctorum
3316 1008 3511 1074 Publii,
3546 1008 3793 1074 Victoris,

2219 1101 2506 1167 llermetis,
2541 1100 2675 1154 Justi
2703 1108 2756 1153 et
2788 1100 2987 1170 Papia.

2286 1192 2348 1247 F.
2379 1193 2441 1247 lll
2470 1193 2602 1247 Non.
2636 1192 2874 1247 Novus.
2893 1222 2964 1232 —
2981 1190 3163 1247 Natale
3183 1192 3352 1246 sancti
3375 1191 3558 1258 Quarti
3581 1201 3797 1261 aposto-

2215 1287 2383 1339 lorum
2415 1283 2678 1352 discipuli.
2720 1282 2869 1352 Apud
2900 1283 3198 1337 Caesaream
3225 1282 3579 1351 Cappadocia:
3612 1281 3790 1335 natale

2209 1388 2517 1433 Sanctorum
2546 1387 2837 1446 martyrum
2864 1376 3139 1442 Germani,
3164 1376 3466 1444 TbeOpbili,
3497 1375 3713 1429 Caesarii
3742 1388 3795 1428 et

2216 1470 2421 1533 Vitalis,
2455 1470 2544 1538 qui
2574 1471 2772 1538 optime
2800 1468 3062 1523 duxerunt
3094 1468 3407 1537 martyrium
3437 1467 3534 1519 sub
3565 1467 3815 1520 Deciana.

2213 1565 2604 1633 persecutione.
2661 1565 2885 1619 Vienna:
2935 1564 3105 1617 sancti
3160 1563 3347 1616 Domni
3396 1560 3632 1631 episcopi
3676 1561 3802 1629 glo-

2211 1656 2359 1711 riosi.
2383 1654 2582 1711 Eodem
2614 1656 2699 1711 die
2726 1656 2988 1727 depositio
3014 1657 3179 1709 sancti
3206 1653 3441 1709 Pirminii
3470 1653 3703 1723 episc0pi
3743 1660 3800 1706 et

1720 1768 1949 1822 EDITIU
1987 1765 2494 1822 BOLLANDIANA.

520 1877 577 1921 et
605 1864 811 1918 duobus
849 1864 997 1917 filiis.
1028 1862 1243 1917 Parisiis
1269 1861 1483 1915 civitate
1514 1859 1689 1913 natale
1715 1859 1775 1915 S.
1804 1868 1830 1895 ιι
1875 1859 2105 1913 Marcelli

529 1935 766 2001 episcopi
795 1942 849 1986 et
889 1934 1228 1987 confessoris.
1262 1932 1462 1986 Eodem
1493 1930 1581 1984 die
1627 1930 1946 2001 Cenomanis
1973 1930 2106 2001 civi-

520 1999 626 2059 tate
652 1999 826 2057 natale
858 2003 917 2058 S.
947 2001 973 2039 b
1010 2003 1253 2057 Domuoli
1279 2001 1514 2072 episcopi
1538 2009 1592 2055 et
1616 1999 1961 2057 confessoris.
1989 2000 2107 2069 Ipso

520 2076 607 2129 die
634 2075 808 2127 natale
837 2074 894 2127 S.
924 2085 945 2112 ο
974 2073 1204 2142 Vigoris.

588 2192 643 2247 2.
673 2224 744 2235 --
775 2192 836 2247 lV
862 2192 1064 2249 NouAs.
1098 2192 1262 2247 Vacat
1293 2190 1470 2246 Baeda.

591 2310 651 2363 Β.
683 2308 748 2362 V.
781 2308 842 2363 C.
881 2349 898 2374 ,
940 2308 1211 2363 Dedicatio
1243 2307 1472 2361 basilica:
1515 2306 1614 2361 SS.
1644 2312 1670 2350 εἰ
1701 2305 1862 2368 Sixti,
1915 2305 2093 2376 Hypo-

514 2380 593 2435 liti
624 2389 678 2433 et
721 2378 1009 2433 Laurentii.
1055 2378 1118 2430 D.
1144 2420 1159 2441 ,
1202 2377 1447 2431 Laodicia
1476 2389 1499 2417 ε
1539 2376 1795 2430 Theodoti
1835 2377 2090 2443 episcopi,

517 2451 606 2519 qtii
635 2461 750 2505 arte
772 2448 1012 2502 medicus
1050 2447 1172 2519 fuit.
1214 2454 1277 2501 A.
1310 2447 1369 2500 L.
1395 2487 1411 2512 ,
1438 2446 1500 2519 _ln
1532 2447 1704 2519 Africa
1749 2447 1921 2519 natale
1968 2462 2093 2519 san-

512 2516 721 2575 ctorum
756 2518 1010 2582 Victoris,
1045 2518 1306 2571 llermctis
1349 2527 1403 2571 et
1428 2516 1585 2571 Jiisti.
1634 2518 1699 2571 Α.
1736 2557 1751 2581 ,
1789 2516 1982 2569 Eodem
2011 2516 2096 2570 die

515 2592 742 2645 clem-tio
771 2588 1010 2657 corporis
1035 2590 1093 2642 S.
1121 2587 1317 2642 Bertini
1360 2587 1583 2640 abbatis.
1618 2587 1735 2649 ipso
1766 2586 1851 2638 die
1872 2601 2092 2657 imemo-

513 2661 589 2713 ria
620 2656 1274 2714 fidelium’defunctorum
1326 2658 1645 2720 celebratur,
1674 2671 1704 2708 a
1755 2658 1812 2709 Β.
1859 2656 2083 2709 0dilone

2212 1857 2578 1912 Cluniacensis
2608 1858 2836 1913 emnobii
2868 1860 3058 1915 abbate
3072 1874 3227 1915 anno
3266 1859 3356 1914 Dei
3394 1859 3589 1914 Christi
3619 1858 3796 1912 mille~

2212 1929 2348 1980 simu
2367 1928 2600 1983 secundo
2622 1930 2813 1984 devote
2835 1930 3093 1984 instituta.
3116 1931 3203 1990 Τ..
3223 1930 3675 1984 Commemoratio
3694 1944 3791 1983 so-

2219 1998 2409 2051 lemnis
2456 2000 2693 2052 omnium
2752 2000 2983 2054 ﬁdelium
3040 2000 3429 2054 defunctorum.
3479 1999 3543 2053 Τ.
3598 1999 3697 2064 8.,
3732 1998 3789 2052 In

2218 2068 2392 2137 Africa
2426 2070 2603 2137 passio
2632 2070 2731 2125 SS.
2763 2069 3002 2135 Poiiliani
3027 2111 3041 2135 ,
3076 2070 3319 2134 Victoris,
3350 2069 3602 2132 Ermetis,
3625 2068 3786 2132 Justi,

2209 2136 2435 2210 Vitalis,
2479 2150 2543 2210 et
2591 2140 2761 2206 Papia:
2821 2139 2919 2210 [Τ.
2968 2158 3080 2205 oni,
3135 2151 3189 2195 et
3241 2138 3483 2209 Papiae
3538 2139 3787 2210 lpso_die

2203 2204 2221 2241 ί
2244 2208 2301 2261 5.
2328 2208 2549 2262 Lauteni
2573 2204 2797 2262 abbatis.
2822 2204 2895 2263 Et
2920 2220 2942 2257 ε
2965 2204 3192 2265 elevatio
3216 2221 3270 2266 et
3288 2204 3561 2265 translatio
3580 2210 3633 2265 5.
3660 2208 3788 2264 Bor-

2201 2277 2294 2330 liiii
2322 2279 2531 2334 abbatis
2559 2289 2612 2333 et
2642 2279 2991 2335 confessoris.

2271 2407 2325 2463 ‘5.
2355 2439 2423 2448 —
2445 2408 2506 2463 Ill
2534 2410 2732 2465 Nonus.
2758 2410 2925 2466 Vacat
2956 2411 3134 2465 Baeda.

2274 2519 2333 2572 Β.
2368 2518 2569 2591 ιο..
2600 2520 2653 2573 In
2682 2518 2927 2591 Cmsarea
2969 2520 3312 2591 Cappadocia:
3357 2517 3468 2589 [B.,
3492 2520 3553 2591 in
3582 2517 3785 2591 Africa]

2202 2587 2473 2653 Germani,
2533 2590 2839 2657 Theophili,
2891 2587 3130 2656 Caesari’i,
3182 2587 3382 2643 Vitalis.
3439 2590 3580 2643 Alibi
3604 2587 3785 2656 passiii

2189 2657 2244 2712 S.
2283 2661 2562 2726 Agricolae.
2609 2661 2695 2727 13.,
2728 2661 2793 2715 Et
2838 2662 3016 2731 passio
3041 2661 3097 2717 S.
3126 2660 3333 2726 Pamli,
3360 2662 3447 2728 qui
3478 2676 3665 2729 passus
3692 2671 3787 2714 est

1901 2746 2111 2802 SMITH
2154 2744 2383 2803 ΝΟΤΑΞ.

513 2843 828 2907 scendisset,
854 2842 1131 2896 nauclerus
1168 2841 1425 2895 barbarus
1469 2841 1520 2894 in
1551 2839 1876 2907 Tlteopistcn
1912 2840 2094 2909 injecit

514 2930 703 2967 manus
727 2953 742 2977 ,
766 2925 819 2967 et
853 2928 966 2965 eam
1002 2927 1096 2978 pro
1121 2911 1365 2965 mercede
1412 2910 1761 2979 navigationis
1808 2911 2092 2967 Eustacliio

513 2985 730 3037 abstulit
758 3003 772 3044 ;
805 2992 858 3035 et
882 2984 1004 3035 ilum
1055 2991 1195 3036 recta
1226 2982 1325 3051 yria
1371 2981 1685 3035 Eustaeltius
1713 2982 1764 3033 in
1796 2979 2087 3051 [Egyptum

513 3055 779 3117 tenderet,
800 3057 931 3105 duos
951 3052 1109 3106 etiam
1132 3050 1307 3105 amisit
1340 3053 1472 3105 filios
1497 3092 1511 3116 ,
1545 3051 1774 3104 alterum
1803 3050 1972 3112 leone.
2005 3055 2087 3107 al-

517 3136 685 3177 terum
713 3124 836 3187 lupo
866 3122 1159 3176 abduceiite
1190 3136 1205 3175 :
1236 3138 1369 3189 quos
1400 3131 1576 3175 tamen
1599 3120 1844 3189 agricolae
1871 3124 2083 3188 quidam

2204 2855 2285 2896 tus
2316 2841 2573 2896 Domnulo
2600 2839 2782 2893 tribuit
2808 2880 2821 2904 ,
2871 2839 3161 2907 scribitque
3193 2852 3313 2891 eum
3343 2844 3576 2907 tempore
3606 2834 3791 2890 Chio.-

2204 2913 2460 2966 tliacliarii
2495 2913 2632 2981 regis
2655 2909 2792 2978 apttd
2839 2905 3097 2981 Parisios
3123 2907 3186 2981 ad
3235 2908 3345 2961 basi
3373 2907 3507 2981 icam
3525 2905 3588 2981 AS:
3616 2907 3749 2981 _Lao
3770 2939 3781 2947 -

2200 2986 2355 3037 rentii
2384 2983 2530 3052 gregi
2556 2975 2923 3052 monastetjali
2967 2979 3445 3052 prtefuisse.‘Anno
3480 2976 3583 3031 567
3615 2975 3781 3052 Dom-

2198 3055 2349 3108 nolus
2386 3046 2505 3107 ’ἥθ’
2552 3051 2756 3119 synodo
2816 3049 3109 3103 Turonensi
3168 3062 3225 3119 tt
3264 3048 3569 3100 itthttitur.
3620 3046 3779 3101 Juxta

2197 3122 2515 3178 llenscltenii
2555 3121 2816 3175 calculum
2848 3121 2899 3171 in
2929 3136 3027 3172 suo
3069 3118 3265 3185 praevio
3293 3122 3680 3172 commentario
3709 3119 3778 3172 ad

512 3209 581 3247 cx
633 3207 726 3245 ore
773 3190 1055 3264 bestiarum
1097 3186 1321 3264 intactos
1348 3186 1657 3264 liberarunt,
1673 3200 1742 3264 _et
1778 3186 1920 3264 apud
1947 3193 2089 3259 ipsos
2118 3199 2163 3264 ο
2196 3200 2321 3247 Acta
2346 3192 2404 3264 S.
2435 3191 2835 3264 Dotnnoligobiit
2865 3188 3252 3264 antioAcirciter

512 3265 774 3313 aluerunt.
810 3260 934 3313 Post
975 3262 1066 3313 has
1097 3262 1285 3313 multas
1312 3261 1640 3314 calamitates
1670 3261 1988 3315 Eustacltius
2017 3266 2083 3316 ad

513 3331 745 3393 inopiam
786 3331 1057 3392 redactus,
1103 3330 1285 3382 labore
1334 3344 1432 3382 suo
1482 3330 1723 3384 victitare
1760 3332 2082 3397 cogebatur;

512 3416 632 3455 cum
661 3411 836 3453 autem
861 3402 1167 3470 servitutem
1194 3400 1307 3470 jam»
1332 3400 1421 3453 diu
1457 3401 1879 3470 pertulisset,ab
1910 3401 1975 3455 iis
1997 3404 2084 3470 qui

518 3471 586 3523 ab
622 3470 941 3537 imperatore
971 3469 1198 3537 Trajano
1245 3468 1310 3521 ad
1356 3485 1475 3522 eum
1528 3469 1893 3538 inquirendum
1939 3468 2085 3527 missi

513 3550 637 3592 sunt
663 3540 871 3609 agnitus
893 3548 1009 3591 est:
1040 3554 1137 3591 nec
1164 3539 1367 3594 minore
1396 3540 1586 3607 gaudio
1608 3541 1675 3591 ab
1704 3540 2087 3607 exploratori--

511 3612 606 3663 bus
630 3611 870 3663 inventus
897 3618 995 3671 est,
1022 3624 1179 3676 quam
1204 3610 1270 3662 ab
1294 3609 1409 3677 ipso
1435 3612 1755 3677 imperatore
1782 3619 2042 3679 exceptus
2068 3629 2080 3663 :

513 3691 565 3732 ct
586 3682 833 3746 quoniam
864 3680 1167 3742 imperatori
1195 3694 1329 3745 upus
1355 3690 1497 3733 esset
1524 3680 1791 3734 exercitus
1814 3683 1892 3733 sui
1926 3682 2079 3746 duce,

509 3752 573 3801 ad
607 3751 875 3816 pristinam
902 3749 1209 3816 dignitatem
1239 3748 1508 3802 restitutus
1540 3759 1639 3803 est.
1670 3750 1734 3803 Et
1765 3759 1821 3803 ut
1846 3752 1909 3805 ad
1938 3765 2085 3805 sum-

514 3835 651 3872 mam
678 3820 978 3873 felicitatem
1004 3819 1303 3886 attingeret,
1332 3822 1545 3887 agnovit
1567 3834 1806 3886 uxorem,
1833 3836 1950 3889 quae
1978 3837 2081 3875 non

510 3899 591 3942 est
620 3891 811 3942 violata
844 3902 874 3940 a
917 3889 1163 3960 barbaro,
1199 3897 1257 3941 ut
1304 3899 1423 3956 pote
1457 3904 1615 3956 quem
1659 3891 1833 3942 divina
1880 3890 2081 3960 justitia

511 3970 782 4023 persecuta
812 3968 929 4013 est:
961 3967 1014 4010 et
1036 3959 1172 4010 filios
1200 3960 1378 4024 etiam,
1414 3960 1501 4020 qui
1528 3962 1578 4011 in
1614 3960 1802 4013 eodem
1844 3959 2082 4015 exercitu

510 4028 597 4096 cui
626 4028 736 4094 ipse
761 4028 863 4096 dux
891 4039 1003 4079 erat
1044 4027 1355 4080 militabant.
1407 4027 1537 4082 Cum
1567 4030 1706 4081 enim
1733 4030 1818 4082 die
1856 4034 2081 4096 quadam

514 4094 654 4167 inter
682 4112 739 4151 se
764 4095 988 4167 juvenes
1016 4096 1083 4149 de
1116 4098 1437 4163 parentibus,
1485 4108 1539 4152 ct
1576 4098 1642 4152 de
1674 4100 1738 4152 iis
1768 4094 1885 4167 quaé
1918 4100 1965 4152 in
2000 4102 2080 4153 iii-

510 4165 670 4239 lantia
694 4168 791 4219 sibi
817 4166 1138 4239 acciderant,
1155 4167 1482 4239 retulissent,
1508 4170 1645 4221 alter
1675 4165 1898 4222 alterum
1924 4185 2080 4239 agno-

507 4234 603 4299 vit,
654 4247 706 4288 et
755 4252 873 4289 cum
916 4236 1101 4289 eadem
1151 4235 1435 4291 Eustachio
1482 4240 1835 4306 aperuissent,
1882 4234 2078 4307 gaudio

508 4319 615 4373 quo
655 4307 822 4372 potuit
857 4317 1021 4371 pater,
1052 4319 1145 4360 eos
1165 4316 1247 4359 est
1290 4308 1585 4374 amplexus.
1619 4309 1746 4363 Post
1772 4310 1882 4362 [me
1902 4320 2078 4364 autem

509 4375 729 4446 Romam
771 4376 928 4428 rediit
981 4376 1168 4435 victor.
1198 4376 1325 4441 ubi,
1373 4377 1601 4446 Trajano
1652 4378 1762 4446 jam
1808 4378 2055 4433 defuncto

507 4445 767 4497 Adrianus
795 4446 1069 4511 imperium
1104 4422 1599 4513 suscepisset-{sed
1616 4422 1745 4502 ciiin-
2107 4427 2158 4485 D

509 4525 805 4581 peratorem
855 4530 950 4581 pro
988 4514 1204 4568 victoria
1256 4516 1413 4569 idolis
1450 4519 1865 4571 sacrificaturum
1913 4523 2079 4572 comi-

509 4584 628 4647 tari,
664 4585 948 4652 imperator
986 4586 1033 4637 ei
1076 4586 1287 4649 quidem
1338 4587 1562 4653 primum
1615 4590 1833 4640 abstulit
1888 4605 2080 4644 munus

508 4654 731 4730 ducendi
762 4655 1044 4730 exercitus,
1076 4656 1424 4730 deindecum
1445 4656 1565 4730 filiis
1594 4663 1647 4730 et
1686 4658 1913 4730 conjuge
1955 4675 2079 4713 eum

507 4722 619 4775 sisti
646 4721 1011 4798 jussitcurain
1043 4726 1311 4798 tribunali,
1342 4726 1538 4798 deinde
1561 4729 1720 4779 mittit
1750 4721 1813 4798 ad
1852 4721 2077 4798 bestias,

505 4808 623 4859 qua:
649 4795 765 4845 illus
813 4795 1089 4847 inviolatos
1126 4794 1479 4864 dimiserunt;
1510 4795 1741 4864 denique
1794 4792 1843 4850 in
1886 4792 2078 4853 boveni

505 4864 1121 4985 ﬁneumbinnammatum
1151 4863 1403 4934 conjecit.
1434 4866 1627 4920 Sumus
1660 4863 1789 4922 tum.
1818 4868 1903 4937 Vl,
1929 4872 2017 4925 die
2046 4869 2080 4921 2

550 4947 699 4985 ovem
747 4972 759 4985 .

550 4947 759 4985 ονεηιυ.

577 5007 602 5031 ιι
627 5000 887 5080 Marcelli.
915 5004 974 5058 S.
994 5004 1250 5080 _Marc_elli_
1275 5004 1443 5080 Vitam
1476 5020 1504 5080 a
1538 5005 2079 5080 Fortiioato‘presby-

505 5073 1089 5149 teroscriptainrefert
1135 5075 1318 5149 Surius
1340 5076 1426 5128 die
1468 5078 1490 5127 1
1538 5079 1799 5149 Novemb.
1826 5073 2078 5146 Sepultus

498 5151 579 5193 cst
630 5144 681 5192 in
740 5144 962 5196 ecclesia
1012 5145 1312 5198 suburbana
1342 5186 1356 5209 ,
1392 5158 1551 5212 quam
1615 5144 1911 5202 Launoius'
1955 5161 2079 5204 tunc

502 5226 604 5262 tem
617 5212 761 5277 poris
789 5214 1145 5268 catliedralem
1164 5215 1325 5268 fuisse
1347 5216 1637 5281 contendit,
1654 5216 1861 5271 Valesio
1882 5228 1934 5272 et
1960 5221 2079 5274 aliis

499 5280 935 5355 reclamantibus.
971 5286 1154 5338 Sancti
1185 5286 1432 5338 antistitis
1460 5299 1652 5353 corpus
1693 5288 1815 5342 inde
1844 5289 1894 5341 ili
1916 5292 2077 5355 majo-

500 5367 609 5401 rem
642 5354 924 5405 ecclesiam
968 5356 1273 5408 translatum
1299 5366 1400 5419 est,
1434 5357 1517 5408 ubi
1550 5357 1601 5409 in
1644 5356 1900 5410 ditissima
1925 5354 2075 5413 theca

498 5432 821 5497 asservatur.
859 5424 1078 5497 Ponitur
1121 5441 1291 5479 nonus
1336 5427 1660 5481 Parisiorum
1704 5428 1989 5497 episcopus
2018 5431 2075 5482 in

498 5489 633 5543 'l'ab.
662 5492 913 5545 Democh.

538 5628 549 5637 .
578 5562 900 5637 “ﬂamma.
932 5564 1023 5616 llic
1053 5565 1243 5617 colitur
1274 5565 1357 5637 167
1386 5566 1526 5619 Maii.
1552 5567 1692 5637 Obiit
1722 5581 1848 5620 vero
1881 5567 2076 5623 Kalen-

612 5631 935 5703 Deceinbris,
963 5646 1017 5686 ut
1051 5643 1195 5701 patet
1221 5650 1285 5688 ex
1314 5636 1431 5700 ejus
1460 5636 1607 5689 Actis
1627 5640 1763 5701 apud
1796 5644 1925 5690 Acta
1969 5640 2069 5694 SS.

502 5697 585 5746 die
606 5700 713 5770 _16_
748 5702 865 5753 Maii
902 5697 1076 5756 editis.
1129 5704 1286 5770 Greg.
1344 5697 1540 5759 Tum".
1574 5707 1622 5757 itt
1658 5697 1792 5760 Hist.
1831 5706 2021 5764 Franc.
2049 5746 2065 5770 ν

504 5775 573 5827 iit,
606 5764 659 5825 7,
688 5767 816 5819 duos
844 5772 1177 5826 solummodo
1210 5764 1575 5841 supravigiuti
1606 5792 1773 5830 annos
1799 5764 2074 5848 episcopa-

2282 3275 2302 3301 ο
2350 3262 2572 3334 Vigoris.
2598 3261 2706 3334 Qui
2718 3270 2965 3334 tempore
2990 3258 3310 3334 Qbildeberti
3331 3256 3666 3334 Francorum
3689 3273 3777 3312 re-

2192 3335 2271 3403 gis
2304 3328 2551 3401 paréntes
2580 3331 2859 3403 nobilitate
2890 3339 2945 3383 et
2969 3330 3299 3403 _fideAclaros
3329 3328 3549 3381 habuit:
3581 3328 3630 3381 in
3662 3344 3776 3381 mo-

2193 3399 2433 3458 nasterio
2483 3403 2541 3457 S.
2577 3401 2788 3454 Vedasti
2823 3399 3012 3453 litteris
3059 3400 3317 3452 educatus
3365 3407 3488 3461 est;
3541 3411 3668 3463 opes
3722 3409 3775 3452 et

2197 3483 2442 3539 parentes
2488 3472 2793 3539 relinquens
2835 3469 3163 3523 liedeverum
3218 3468 3519 3521 Baiucensis
3548 3468 3774 3537 regionis

2191 3545 2365 3596 vicum
2396 3543 2663 3607 pervenit,
2706 3541 2791 3594 tibi
2833 3555 2966 3607 pene
2988 3554 3175 3592 omnes
3220 3539 3595 3604 przedicatione
3620 3579 3635 3599 ,
3662 3554 3774 3590 ser-

2193 3616 2364 3681 pentis
2394 3613 2653 3680 ejectione
2677 3651 2690 3673 ,
2738 3610 2931 3681 mortui
2972 3609 3368 3681 resuscitatione
3414 3610 3479 3661 ad
3508 3608 3772 3681 Christum

2192 3678 2478 3737 convertit.
2514 3682 2645 3735 llinc
2675 3688 2885 3733 mortuo
2914 3680 2971 3733 5.
3007 3678 3223 3732 Patritio
3270 3679 3539 3732 Baiocensi
3566 3680 3775 3745 episeo-

2192 3767 2280 3820 po,
2308 3754 2375 3807 ab
2405 3752 2651 3806 omnibus
2676 3761 2938 3819 expc-tatus
2975 3750 3129 3820 Vigor
3169 3752 3217 3801 in
3260 3748 3375 3817 cjus
3411 3748 3589 3820 locum
3614 3748 3774 3820 suile-

2191 3818 2309 3876 ctus
2355 3833 2455 3877 est.
2488 3822 2587 3890 Qui
2631 3818 2753 3873 cum
2779 3820 2843 3872 ad
2884 3819 3299 3872 concinnandam
3333 3833 3437 3871 uno
3464 3818 3711 3872 milliario
3742 3835 3771 3870 a

2191 3894 2481 3946 civitatein
2529 3903 2761 3945 montem
2807 3890 3058 3943 Phaenum
3110 3890 3226 3951 iret,
3273 3891 3338 3942 ab
3370 3891 3558 3941 inoolis
3600 3892 3775 3940 adhuc

2193 3964 2473 4031 gentilibus
2499 4005 2512 4027 ,
2561 3960 2648 4029 qui
2676 3971 2901 4031 statuam
2929 3960 3166 4031 mulieris
3190 3958 3493 4012 ladorabant
3517 3998 3532 4019 ,
3575 3957 3776 4024 ejectiis

2190 4029 2290 4086 est.
2321 4036 2469 4097 Quod
2496 4048 2615 4087 eum
2660 4030 2928 4084 retulisset
2968 4029 3325 4091 Cltildeberto,
3358 4044 3479 4080 mox
3505 4044 3593 4081 rex
3626 4044 3778 4081 mon-

2192 4110 2296 4155 tem
2330 4103 2473 4157 illum
2526 4104 2777 4169 episcopo
2834 4100 3209 4166 possidendum
3258 4098 3499 4169 tradidit.
3533 4097 3590 4149 S.
3646 4113 3777 4152 vero

2188 4174 2405 4226 antistes
2436 4168 2579 4226 illum
2612 4172 2870 4239 purgavit,
2911 4170 3038 4223 ittibi
3063 4170 3341 4223 cei-lesiant
3366 4168 3649 4221 aedificavit
3676 4210 3701 4239 ,ί
3722 4181 3777 4220 et

2189 4252 2422 4296 nioittein
2454 4238 2737 4295 Clirisiuati
2760 4240 3065 4308 appellavit,
3094 4240 3270 4307 ibique
3298 4241 3538 4301 sepultus
3558 4248 3643 4292 est
3673 4238 3774 4290 de-

2188 4312 2418 4365 functus.
2447 4312 2640 4365 Sumus
2670 4322 2799 4364 toni.
2838 4312 2920 4364 Vl.
2953 4310 3107 4379 Vigor
3138 4311 3229 4363 fuit
3259 4309 3500 4363 decimus
3527 4310 3776 4363 Baioceti-

2188 4384 2262 4435 sis
2290 4384 2587 4450 episcopus.

2256 4452 2280 4488 ά
2306 4448 2567 4505 δὲπιὶξυὲ
2598 4452 2747 4504 Sixto
2772 4450 2943 4517 agitur
2963 4450 3049 4505 die
3072 4448 3103 4503 6
3131 4450 3373 4519 Augusti,
3396 4448 3463 4503 de
3490 4448 3776 4518 Hippolyto

2183 4520 2268 4573 die
2304 4521 2365 4573 15
2391 4526 2457 4576 de
2487 4522 2766 4575 Laurentio
2793 4524 2877 4573 die
2904 4528 2985 4574 10.

2262 4601 2284 4625 υ
2315 4592 2577 4645 Theodou'.
2622 4592 2923 4655 Theodotus
2962 4590 3230 4657 Stephano
3276 4588 3536 4643 succ-‘ssit
3575 4588 3772 4642 Laodi-

2183 4674 2291 4715 ce;e
2313 4702 2329 4726 ,
2358 4662 2634 4717 medicina:
2664 4662 3048 4729 peritissimus:
3082 4662 3243 4713 lioiiu
3272 4662 3481 4712 eximite
3524 4659 3725 4729 hnma_n
3751 4690 3775 4699 —

2187 4732 2309 4784 tatis
2332 4744 2383 4783 ct
2411 4727 2730 4787 sinceritatis
2757 4732 2937 4784 animi.
2966 4732 3156 4785 Eossa.
3194 4732 3326 4782 llist.
3354 4731 3498 4782 Eccl.
3528 4745 3644 4790 ,vn,
3675 4727 3773 4778 5:2.

2260 4801 2278 4838 ί
2305 4801 2542 4855 Lauteni.
2576 4803 2793 4855 Abbatis
2827 4802 3148 4864 Aiduensis;
3181 4804 3269 4868 qui
3309 4800 3573 4852 Laurentii
3606 4800 3775 4851 abhi-

2186 4871 2252 4925 tis
2284 4874 2589 4939 magisterio
2618 4888 2743 4924 usus
2777 4872 2938 4925 fuisse
2967 4872 3177 4933 dicitur,
3227 4870 3419 4922 deinde
3448 4871 3499 4920 in
3524 4885 3771 4922 eretnum

2182 4954 2240 4994 se
2268 4943 2652 5010 rccepisse,ubi
2672 4953 2999 5009 septuaginta
3025 4940 3404 4993 monachorum
3433 4940 3775 5004 coenobium,

2184 5013 2457 5065 Siesteiise
2484 5013 2705 5073 dictum,
2731 5010 3108 5064 construxerit.
3156 5010 3343 5063 Postea
3366 5019 3649 5062 crescente
3674 5026 3776 5061 nu-

2184 5096 2334 5135 mero
2379 5084 2758 5149 tliscipulmttttt
2793 5122 2807 5145 ,
2867 5082 3009 5133 aliud
3068 5080 3370 5133 cmnobiuiu
3413 5082 3772 5145 qu:tdragilit;t

2183 5157 2563 5205 monachorum
2594 5150 2829 5205 erexisse
2856 5152 2905 5203 in
2931 5154 3046 5203 loco
3069 5150 3157 5216 qui
3178 5150 3523 5203 Maximiacus
3546 5149 3773 5202 dicitur.

2183 5226 2364 5273 Annos
2391 5234 2544 5273 natus
2576 5222 2799 5287 amplius
2826 5220 3204 5288 quinquaginta
3250 5225 3315 5271 ab
3359 5221 3608 5273 Amando
3653 5223 3774 5286 epi-

2180 5305 2343 5357 scopo
2368 5296 2643 5359 presbyter
2666 5290 2940 5342 ordinatus
2974 5300 3073 5343 est.
3112 5290 3429 5342 l’haradteus
3459 5290 3574 5351 ejus
3597 5289 3775 5341 disci-

2184 5364 2335 5426 pulos
2378 5378 2440 5415 ex
2473 5361 2775 5414 obedientia
2803 5375 2862 5413 se
2902 5360 2952 5412 iii
2981 5362 3257 5412 ardentem
3291 5374 3473 5427 rogum
3507 5359 3774 5425 injecisse

2182 5431 2363 5484 fertur.
2399 5433 2453 5484 S.
2481 5432 2749 5485 Lautenus
2777 5430 2966 5483 colitur
2987 5432 3039 5483 in
3059 5439 3265 5483 vetusto
3296 5428 3567 5482 Breviario
3598 5429 3769 5481 Van:-

2178 5500 2419 5554 soletano
2466 5502 2549 5554 die
2599 5516 2707 5553 xxv
2757 5499 3056 5566 Septemln,
3111 5504 3183 5553 uti
3214 5509 3269 5553 et
3320 5502 3370 5552 iu
3398 5498 3772 5551 Cluniacensi.

2178 5572 2223 5624 A
2274 5570 2515 5625 Ferrai‘io
2555 5586 2677 5624 vero
2726 5572 2777 5624 in
2823 5571 2993 5624 Catal.
3046 5571 3282 5639 generali
3336 5569 3493 5639 hodie
3540 5569 3773 5630 colitur,

2177 5639 2263 5707 qui
2303 5650 2357 5693 et
2388 5644 2461 5695 ait
2500 5656 2691 5709 corpus
2723 5643 2840 5709 ejus
2887 5638 3070 5694 l'olinii
3118 5643 3171 5694 in
3213 5638 3513 5709 Borguudia
3550 5640 3775 5704 requie'

2177 5726 2347 5765 scere.

2261 5782 2285 5819 ε
2315 5778 2560 5834 Elevatio.
2591 5780 2663 5835 De
2688 5780 2971 5837 S.Bertino
2995 5796 3155 5850 supra
3179 5778 3298 5836 vide
3315 5778 3448 5833 Non.
3478 5778 3772 5833 Septemb.
