4054 6190
367 303 504 359 Μ”ῧ

1111 306 1308 363 ΒΕῡΑε
1350 306 1799 366 VENERABILIS
1836 306 1985 365 OPP.
2032 305 2208 363 PARS
2248 305 2337 362 IV.
2379 334 2448 347 —
2484 304 2870 364 HISTORICA.

3501 302 3651 360 “00

1625 419 1855 476 EDlTlO
1896 417 2369 474 COLONIENSIS.

446 512 510 566 Ε.
543 510 580 564 V
614 509 728 564 lous
755 508 997 565 NDVEID.
1029 542 1097 555 σ-
1127 510 1310 566 Natale
1342 512 1478 566 beati
1508 511 1771 567 Theodori
1804 528 1946 565 mar-
1980 518 2026 573 Α
2056 511 2200 563 ribus
2228 510 2587 579 apostolorum
2609 552 2623 578 ,
2658 509 2856 581 primus
2890 508 2990 579 ipsi
3042 508 3157 565 urbi
3204 510 3499 566 destinatur
3526 516 3646 584 epi-

368 603 526 674 tyris,
558 612 800 672 tempore
827 603 1127 657 Maximiani
1159 611 1213 657 et
1240 602 1508 657 Maximini
1550 603 1952 671 imperatorum.

368 695 468 762 Qui
498 710 616 749 cum
658 705 800 749 esset
836 695 989 747 miles
1029 694 1127 747 sub
1161 693 1363 764 Brycha
1395 694 1680 763 prmposito
1708 692 1953 762 legionis,

370 788 567 840 missus
601 796 679 841 est
708 786 757 839 iu
789 800 1079 849 carcerem,
1129 784 1443 854 signatoque
1486 786 1624 837 ostio
1656 784 1723 839 ibi
1774 784 1955 837 divina

368 877 1049 933 visitatioue‘cousolatur.
1102 877 1230 932 Post
1280 877 1483 945 aliquot
1532 877 1646 930 dies
1697 875 1957 929 adductus

368 971 558 1023 iterum
592 978 714 1021 ante
745 967 1048 1035 praesidem,
1077 982 1366 1038 suspensus
1390 978 1472 1021 est
1503 967 1554 1020 in
1584 967 1749 1038 ligno,
1783 978 1836 1021 et
1860 982 1956 1019 uu—

366 1059 504 1127 gulis
533 1059 718 1113 ferreis
757 1059 922 1112 latera
967 1058 1085 1127 ejus
1132 1074 1272 1123 rasa,
1325 1074 1600 1127 quousque
1630 1069 1794 1112 costa:
1840 1060 1956 1126 ejus

368 1153 726 1216 nudarentur;
757 1149 951 1203 deinde
990 1148 1236 1203 manibus
1280 1157 1400 1217 post
1440 1159 1642 1217 tergum
1671 1147 1864 1215 ligatis,
1903 1148 1953 1200 iu

365 1243 543 1297 focum
577 1242 771 1295 missus
810 1251 913 1305 est,
964 1250 1019 1295 et
1064 1240 1505 1309 circumspiciens
1554 1239 1683 1292 vidit
1722 1238 1773 1292 in
1805 1239 1955 1291 turba

364 1335 747 1403 lacrymantem
779 1332 1085 1388 Cleonicttm
1110 1376 1125 1399 ,
1176 1334 1264 1402 qui
1298 1347 1416 1386 cum
1448 1347 1513 1387 eo
1553 1341 1669 1402 tyro
1699 1330 1955 1385 adductus

365 1424 561 1492 fuerat,
612 1435 664 1479 et
695 1424 1002 1479 exclamans
1048 1423 1183 1477 dixit
1217 1439 1231 1478 :
1280 1422 1566 1488 Cleonice,
1606 1429 1952 1490 exspectate,

366 1522 564 1576 festina.
587 1529 641 1575 et
670 1534 893 1588 sequere
923 1533 1026 1573 me.
1055 1516 1123 1572 Et
1147 1517 1394 1587 cumjam
1422 1517 1754 1571 flammarum
1784 1516 1955 1584 globis

368 1610 607 1679 undique
637 1611 925 1664 vallaretur
952 1611 1141 1664 beatus
1189 1618 1410 1681 martyr,
1462 1609 1756 1663 orationem
1798 1606 1951 1671 fudit,

366 1702 590 1756 laudans
617 1702 847 1763 Patrem,
878 1709 931 1757 et
962 1702 1157 1756 Filium
1182 1716 1246 1756 ac
1268 1701 1523 1769 Spiritum
1554 1710 1817 1765 sanctum,
1852 1701 1956 1754 sic-

368 1809 471 1859 que
505 1802 743 1847 sanctam
771 1794 999 1847 animam
1041 1792 1259 1847 Christo
1290 1791 1543 1846 reddidit.
1571 1791 1824 1857 Quaedam
1855 1806 1954 1845 au-

2057 618 2271 670 Scoptts.

2127 694 2185 747 F.
2225 695 2285 749 IV
2335 695 2454 748 locs
2496 694 2733 749 Νονειιθ.
2768 725 2836 734 -——
2876 696 2929 749 In
2962 695 3229 749 territorio
3269 697 3517 766 Agatensi
3552 714 3652 751 na-

2068 786 2177 838 tale
2222 796 2523 840 sanctorum
2575 795 2864 855 martyrum
2905 786 3143 853 Tiberii,
3189 786 3411 842 ModeSIi
3441 798 3495 843 et
3521 789 3650 843 Flo-

2061 875 2272 938 rentize,
2300 877 2386 943 qui
2430 885 2668 946 tempore
2692 876 3004 931 Diocletiani
3035 878 3196 931 variis
3224 882 3502 933 tormentis
3528 895 3653 932 cru-

2062 965 2183 1018 ciati
2214 969 2527 1036 martyrium
2555 969 2972 1036 compleverunt.
2995 969 3196 1024 Eodem
3221 971 3308 1025 die
3328 973 3495 1025 sancti
3516 972 3651 1026 Mar-

2072 1056 2165 1108 tini
2214 1073 2383 1125 papae,
2429 1060 2516 1124 qui
2550 1058 2619 1112 ob
2664 1058 2822 1113 fidem
2851 1060 3164 1113 catholicam
3211 1061 3279 1114 ab
3323 1062 3655 1130 imperatore

2062 1147 2375 1200 Constantio
2422 1148 2702 1215 hmretico,
2740 1165 2833 1215 per
2873 1149 3212 1204 Theodorum
3244 1151 3532 1207 exarchum
3579 1153 3651 1208 de

2058 1238 2282 1289 ecclesia
2316 1245 2494 1304 raptus
2517 1279 2531 1301 ,
2564 1252 2627 1292 ac
2658 1242 2945 1305 productus
2982 1241 3527 1310 Constantinopolim,
3555 1258 3646 1298 re-

2058 1326 2264 1397 legatur
2283 1327 2420 1397 apnd
2442 1327 2768 1382 Chersonam
2796 1328 2970 1400 Lyciae
2999 1331 3307 1399 provinciae,
3343 1332 3651 1400 ibidemque

2058 1418 2219 1472 vitam
2253 1418 2444 1483 finivit,
2486 1420 2665 1473 multis
2713 1421 2767 1474 in
2812 1421 3002 1475 eodem
3045 1422 3162 1476 loco
3193 1423 3447 1477 virtutum
3478 1424 3646 1495 signis

2061 1525 2227 1580 usque
2260 1511 2417 1566 hodie
2445 1512 2737 1582 refulgens.
2763 1512 2946 1569 Romae
2966 1513 3231 1585 depositio
3256 1517 3427 1570 sancti
3454 1517 3651 1573 Leonis

2058 1603 2313 1671 episc0pi.
2345 1602 2398 1655 Ιιι
2432 1602 2713 1657 Antiochia
2743 1604 2917 1658 natale
2945 1604 3197 1659 Demetrii
3227 1606 3481 1677 episc0pi,
3508 1612 3643 1662 Am-

2060 1694 2190 1757 nesi,
2223 1692 2492 1746 Eustachii
2522 1703 2574 1746 et
2600 1694 2865 1747 sociorum
2893 1695 3030 1763 ejus.
3062 1697 3358 1751 Aureliauis
3379 1698 3649 1767 depositio

2060 1783 2197 1840 beati
2224 1781 2499 1837 Munitoris
2530 1783 2787 1853 episcopi.

370 1895 478 1937 tem
508 1885 700 1939 mulier
729 1882 956 1938 Eusebia
990 1884 1224 1950 nomine,
1266 1883 1480 1951 collegit
1510 1897 1706 1951 corpus
1736 1881 1871 1951 ejus,
1902 1891 1957 1937 et
1989 1869 2031 1929 Β
2133 1872 2198 1927 G.
2228 1873 2291 1926 Ill
2326 1873 2445 1928 lous
2482 1874 2725 1928 Novum.
2761 1904 2830 1914 ——
2860 1874 2913 1928 In
2956 1872 3122 1929 Gallia
3164 1876 3390 1932 Turonis
3431 1880 3647 1935 civitate

366 1975 594 2029 sindone
622 1975 815 2029 munda
858 1974 1136 2029 involvens
1180 1974 1449 2028 transtulit
1478 1974 1529 2027 in
1560 1972 1952 2041 possessionem

365 2080 542 2130 suam,
592 2064 644 2118 in
691 2064 863 2118 locum
912 2063 1234 2133 appellatum
1271 2063 1527 2117 Euchata.
1561 2062 1715 2132 Apud
1758 2060 1953 2116 Bituri-

366 2171 457 2212 cas
486 2157 654 2212 sancti
686 2155 938 2223 Ursicini,
972 2156 1060 2226 qui
1078 2155 1268 2210 Romae
1296 2155 1575 2210 ordinatus
1606 2169 1634 2209 a
1665 2166 1951 2210 successo-

2058 1964 2232 2020 natale
2272 1965 2442 2019 sancti
2492 1964 2700 2018 Martini
2741 1966 2977 2034 episc0pi
3017 1977 3068 2021 et
3098 1970 3440 2032 confessoris,
3490 1971 3645 2040 cujus

2058 2058 2166 2112 vita
2196 2065 2249 2112 et
2279 2056 2520 2111 doctrina
2550 2073 2644 2126 per
2672 2058 2924 2114 miracula
2965 2074 3081 2128 qua:
3114 2061 3367 2114 Dominus
3400 2078 3493 2129 per
3519 2079 3644 2119 eum

2056 2147 2202 2215 fecit,
2234 2162 2369 2216 pene
2397 2149 2644 2203 omnibus
2675 2148 2919 2205 fidelibus
2942 2150 3139 2216 claret;
3183 2166 3283 2206 nec
3311 2166 3533 2209 necesse
3560 2164 3646 2210 est

1609 2245 1836 2301 EDITIO
1878 2237 2383 2297 BOLLANDIANA.

433 2340 489 2394 9.
512 2369 581 2381 --
614 2340 653 2393 V
686 2337 827 2394 Inus.
854 2337 1040 2392 Natale
1066 2337 1124 2393 S.
1152 2337 1422 2393 Theodori
1450 2337 1723 2408 martyris.

438 2431 626 2485 Florus
677 2429 729 2483 in
756 2428 826 2483 -'l‘.
868 2429 1192 2497 prmmittit:
1243 2428 1395 2497 Apud
1442 2429 1722 2482 Amaseam
1769 2426 1955 2481 civita-

366 2532 497 2585 tem,
527 2532 581 2577 et
626 2520 893 2575 subnectit
940 2520 1173 2590 elogium
1204 2537 1237 2571 -:
1292 2518 1393 2585 Qui
1427 2520 1755 2589 temporibus
1784 2519 1954 2572 Maxi-

365 2611 526 2665 miani
557 2620 609 2665 et
632 2609 845 2664 Maximi
875 2609 1293 2678 imperatorum,
1324 2623 1419 2678 pro
1445 2610 1781 2664 confessione
1802 2608 1951 2663 Chri-

366 2704 554 2759 stiana:
603 2702 725 2756 fidei
756 2701 962 2757 fortiter
990 2714 1160 2757 caesus
1214 2716 1277 2755 ac
1320 2701 1371 2755 in
1413 2715 1680 2756 carcerem
1712 2702 1905 2755 missus
1934 2718 1946 2752 :

370 2792 564 2848 deinde
594 2792 824 2846 Domino
849 2789 1127 2847 Salvatore
1155 2790 1255 2845 sibi
1287 2799 1576 2860 apparente
1605 2801 1672 2845 ct
1702 2801 1951 2845 monente

368 2895 426 2939 ut
455 2891 767 2939 constanter
795 2890 850 2937 et
880 2882 1107 2935 viriliter
1134 2890 1337 2951 ageret,
1382 2883 1643 2936 relevatus
1682 2889 1787 2937 est.
1834 2881 1952 2935 No-

371 2974 589 3029 vissime
638 2981 918 3042 postquam
970 2985 1262 3040 suspensus
1310 2977 1393 3025 est
1441 2971 1646 3040 ungulis
1675 2985 1947 3037 corrasus,

366 3066 438 3118 ita
472 3072 529 3118 ut
569 3064 685 3130 ejus
715 3063 966 3117 interiora
996 3062 1133 3116 nuda
1163 3070 1500 3130 apparerent,
1535 3062 1759 3116 traditur
1810 3064 1947 3131 igni-

2059 2329 2130 2405 B_._
2268 2327 2469 2405 Remis.
2502 2329 2586 2405 μ,
2622 2329 2942 2405 Sanctorum
2967 2331 3253 2405 Glenietitis
3278 2334 3645 2405 etSymphro-

2062 2399 2131 2454 nii
2178 2398 2261 2469 [Β.
2290 2437 2304 2461 ,
2350 2398 2766 2468 Symplioriani].
2824 2399 2879 2452 Β.
2918 2441 2935 2466 ,
2986 2402 3038 2454 In
3095 2398 3410 2457 Nicomedia
3465 2398 3645 2459 natale

2062 2476 2081 2542 ξ
2115 2468 2375 2542 Damiani.
2414 2469 2468 2520 lu
2500 2469 2764 2542 Hispaniis
2790 2470 2887 2524 SS.
2923 2471 3103 2523 Fausti
3145 2487 3193 2525 et
3239 2474 3511 2527 Martialis.
3547 2480 3647 2542 A.,

2059 2534 2317 2613 lpso_die_
2340 2544 2514 2613 passio
2538 2534 2649 2613 8.ίά
2688 2538 2924 2613 llagnulli
2958 2544 3226 2609 martyris.
3276 2543 3363 2607 T.,
3400 2546 3517 2613 Ipso
3553 2534 3647 2599 diu

2068 2610 2260 2663 natalis
2288 2610 2346 2662 S.
2385 2618 2407 2643 ε
2445 2608 2618 2661 Vitoni
2650 2609 2882 2678 episcopi
2914 2621 2965 2664 ct
2996 2608 3337 2667 confessoris.

2135 2738 2218 2791 IO.
2248 2769 2315 2777 —
2349 2738 2412 2792 lV
2445 2738 2583 2793 lous.
2620 2740 2783 2794 Vacat
2812 2740 2989 2795 Bmda.

2135 2830 2195 2883 V.
2228 2831 2313 2896 (1.,
2362 2828 2420 2883 lu
2454 2829 2733 2884 Antiochia
2769 2830 3041 2886 Eustochii
3094 2842 3149 2887 et
3177 2834 3442 2888 sociorum
3491 2835 3636 2904 ejus.

2061 2920 2241 2974 Romae
2275 2919 2545 2987 depositio
2584 2917 2603 2956 ί
2644 2919 2839 2975 Leonis
2869 2922 3122 2990 epise0pi.
3160 2924 3246 2990 0.,
3276 2924 3505 2978 Cersona
3542 2927 3646 2995 Ly-

2057 3013 2153 3064 cia:
2179 3016 2204 3054 ε
2235 3011 2445 3065 Martini
2480 3025 2629 3080 papae
2665 3012 2754 3080 qui
2787 3012 2855 3066 ob
2885 3012 3201 3067 catholicam
3248 3015 3405 3068 fidem
3437 3015 3504 3068 ibi
3550 3032 3643 3069 re-

2060 3102 2263 3170 legatus
2289 3113 2391 3156 est.
2424 3102 2484 3156 Β.
2517 3106 2581 3157 A.
2631 3102 2693 3157 T.
2722 3103 2806 3169 L.,
2840 3102 3024 3158 Romae
3064 3106 3326 3173 depositio
3355 3107 3415 3160 8.
3448 3108 3643 3161 Leonis

368 3152 1023 3265 Tiff'f‘fﬁf'fﬂj‘feTn‘,
1049 3151 1249 3265 E‘fff’]
1277 3152 1947 3265 E119?
1983 3171 2028 3233 (ἶ
2061 3151 2232 3261 ριιῠρω.
2269 3192 2323 3246 In
2351 3192 2630 3253 Antiochia
2662 3151 2835 3249 natale
2863 3194 2961 3250 SS.
2992 3151 3240 3249 Demetrii
3263 3193 3291 3232 ¹³
3318 3198 3548 3265 episcopi

372 3245 528 3301 sicini
557 3243 903 3309 confessoris,
937 3242 1025 3311 qui
1057 3240 1239 3295 Romae
1274 3241 1550 3296 ordinatus
1596 3257 1626 3295 a
1669 3256 1950 3297 successo-

371 3338 520 3392 ribus
566 3335 956 3406 apostolorum,
1015 3332 1217 3403 primus
1260 3334 1436 3389 eidem
1491 3334 1606 3389 urbi
1654 3335 1954 3391 destinatur

371 3429 675 3497 episcopus.
697 3427 898 3480 Florus
922 3426 971 3478 itt
1005 3428 1067 3479 A.
1099 3424 1160 3478 Τ.
1192 3424 1252 3479 L.
1282 3443 1296 3480 :
1338 3426 1533 3480 Eodem
1565 3426 1651 3480 die
1681 3427 1730 3480 itt
1763 3427 1949 3495 llispa-

373 3519 475 3575 niis
501 3518 748 3574 Corduba
779 3517 995 3571 civitate
1024 3516 1207 3586 passio
1248 3524 1556 3570 sanctorum
1605 3515 1809 3582 Fausti,
1860 3517 1947 3572 Ja-

372 3609 545 3665 nuarii
596 3618 652 3665 et
699 3607 984 3672 Martialis,
1019 3606 1107 3676 qui
1157 3606 1354 3674 pariter
1403 3607 1455 3659 in
1506 3608 1680 3676 ignem
1725 3607 1947 3677 prtijecti

375 3712 520 3769 sunt,
550 3710 742 3772 agente
772 3700 1007 3770 Eugenio
1038 3698 1283 3768 praeside.

444 3797 511 3851 Β.
543 3794 635 3860 V.,
686 3792 960 3849 Dedicatio
989 3788 1017 3828 δ
1048 3790 1277 3846 basilica:
1326 3788 1630 3845 Salvatoris.
1667 3790 1729 3845 V.
1781 3794 1845 3845 A.
1887 3792 1951 3846 T.

2062 3283 2335 3337 Amonesii
2382 3283 2614 3347 diaconi,
2650 3284 2878 3339 Eustosii
2923 3295 2978 3338 et
3007 3286 3271 3340 sociorum
3302 3285 3437 3355 ejus.
3479 3291 3543 3340 Α.
3572 3288 3641 3341 Τ.

2057 3372 2145 3436 L.,
2181 3372 2374 3426 Eodem
2425 3372 2515 3426 die
2564 3373 2741 3427 natale
2779 3373 2839 3427 S.
2874 3373 3083 3427 Martini
3135 3388 3306 3443 papae.
3341 3376 3427 3440 8.,
3460 3376 3638 3430 Aure-

2058 3463 2217 3517 lianis
2250 3462 2515 3530 depositio
2548 3462 2564 3500 ί
2604 3464 2932 3518 Amonitoris
2958 3463 3216 3532 episcopi.

2127 3598 2213 3653 il.
2245 3598 2402 3652 -ιιι
2435 3597 2571 3652 laus.
2600 3595 2785 3652 Natale
2811 3597 2870 3652 S.
2904 3598 2918 3646 ι
2961 3596 3173 3651 Martini
3212 3597 3443 3666 episcopi
3475 3595 3646 3650 Turn.

2059 3686 2142 3740 nis
2173 3686 2407 3741 civitate.

2132 3773 2325 3830 Florus
2368 3774 2515 3829 addit
2546 3776 2596 3829 in
2630 3778 2693 3829 A.
2722 3775 2785 3829 Τ.
2816 3774 2874 3829 L.
2902 3791 2916 3828 :
2946 3775 3047 3841 Qui
3074 3773 3339 3845 copiosius
3370 3784 3489 3844 post
3522 3789 3648 3843 apo-

1757 3882 1963 3938 Sill'l‘ll
2002 3884 2236 3943 NOTAE.

450 4010 478 4038 ι
509 3997 756 4054 Ursicini.
788 3997 881 4051 Vel
912 3994 1108 4053 Ursini.
1140 3993 1425 4065 Gregorius
1455 3994 1679 4059 Turon.,
1735 3997 1868 4051 llist.
1903 4012 1956 4061 ι.

380 4072 471 4134 29,
519 4071 680 4123 tradit
708 4069 846 4136 quod
878 4068 985 4131 ille,
1019 4066 1108 4134 qui
1153 4066 1354 4134 primus
1403 4065 1661 4135 Biturigas
1688 4066 1958 4121 civitatem

382 4154 691 4223 aggressus,
725 4136 1235 4223 Christum‘populis
1260 4137 1540 4223 nlt‘tntiavit,
1569 4136 1667 4216 fuit
1688 4136 1960 4223 decorum

385 4205 656 4278 discipulis
698 4209 789 4277 qui
835 4208 936 4261 sub
982 4206 1138 4261 Decio
1186 4214 1241 4261 et
1278 4205 1616 4278 Gratocoss.
1647 4208 1697 4259 in
1737 4207 1963 4262 Galliam

378 4276 535 4336 missi
560 4276 838 4333 suntJSed
871 4279 1047 4332 verior
1079 4280 1290 4330 videtur
1326 4276 1559 4338 traditio,
1590 4285 1643 4329 et
1668 4278 1950 4342 celebrior,

381 4368 498 4420 qua:
525 4365 619 4404 eos
648 4349 1009 4420 apostolorum
1045 4357 1200 4420 astate
1231 4347 1399 4420 lloma
1445 4344 1953 4420 itifiallias‘tnissos

2141 4009 2166 4047 σ
2229 3999 2464 4084 Martini.
2510 4003 2585 4058 De
2634 4003 2737 4058 hoc
2784 4002 2907 4058 vide
2963 4001 3099 4057 infra
3167 4016 3239 4056 xu
3287 3999 3428 4054 diem
3486 4000 3648 4070 hujus

2110 4088 2120 4121 ι
2279 4112 2292 4126 .

2072 4086 2105 4125 n
2128 4085 2380 4218 el'nsV'Zrba
2399 4143 2641 4218 epist-api,
2660 4154 2811 4218 _etc_.,
2839 4158 3005 4218 usque
3028 4143 3092 4196 ad
3115 4145 3355 4218 ejusom.
3396 4142 3456 4196 Β.

2151 4212 2528 4266 iAmonitoris.
2569 4212 2673 4267 -γει
2729 4213 3019 4278 Maniloris,
3064 4212 3326 4267 undecimi
3356 4217 3473 4280 ejus
3517 4212 3652 4267 civi-

2066 4281 2187 4335 tatis
2214 4283 2445 4351 episcopi
2479 4285 2529 4337 in
2564 4285 2667 4338 tab.
2705 4283 2959 4337 Democlt.

2138 4354 2152 4401 l
2196 4351 2424 4407 Martini.
2479 4359 2631 4407 Anno
2659 4365 2849 4409 octavo
2882 4353 3123 4407 Valentis
3151 4362 3207 4407 et
3256 4352 3642 4417 Valentiniani,

380 4414 569 4484 docet,
602 4414 721 4474 cum
752 4418 842 4472 illa
873 4419 1038 4491 altera
1065 4418 1283 4491 tzaditio
1313 4418 1477 4491 unica
1503 4414 1749 4491 Gregorii
1778 4417 1952 4471 Turo-
1992 4430 2041 4487 1)
2071 4420 2120 4473 id
2150 4431 2233 4475 est
2276 4437 2416 4479 anno
2461 4424 2656 4477 (lhristi
2705 4424 2799 4478 371
2830 4466 2843 4487 ,
2886 4427 3169 4491 episcopus
3218 4425 3495 4475 ordinatus
3535 4414 3644 4476 est.

382 4493 562 4546 nensis
589 4491 904 4543 auctoritate
927 4488 1146 4549 nitatur,
1175 4485 1264 4554 qui
1295 4500 1392 4539 nec
1417 4486 1515 4539 sibi
1545 4490 1676 4539 satis
1705 4498 1950 4541 constat:

383 4568 435 4615 in
470 4562 605 4614 libro
635 4564 774 4613 enim
823 4559 889 4613 de
914 4556 1097 4613 Gloria
1130 4566 1587 4627 martyrumtcap.
1612 4555 1712 4627 748,
1744 4558 1959 4626 scripsit

385 4632 729 4689 Saturninum
761 4629 826 4700 ab
854 4628 1214 4700 apostolorum
1248 4624 1537 4700 discipulis
1554 4625 1715 4681 fuisse
1738 4624 1955 4700 ordina-

389 4718 524 4763 tum,
554 4712 605 4753 et
634 4701 771 4754 idem
800 4696 931 4752 dixit
970 4701 1037 4751 de
1065 4697 1120 4752 S.
1157 4696 1348 4751 Ursino
1380 4696 1665 4764 Biturigum
1708 4698 1958 4767 episcopo

382 4776 437 4829 ill
468 4773 600 4824 libro
629 4771 693 4823 de
723 4770 807 4824 GI.
838 4769 979 4823 ροςιΐ.
1011 4784 1129 4836 cap.
1157 4766 1245 4820 80,

458 4847 486 4886 b
510 4839 765 4894 Basilica.
798 4840 925 4906 Quae
948 4852 1001 4892 et
1024 4835 1400 4893 Lateranensis
1427 4835 1567 4890 dicta
1593 4845 1693 4901 est,
1725 4837 1775 4889 in
1807 4836 1958 4906 pala-

389 4915 461 4965 tio
489 4912 818 4964 Genstintini
848 4912 984 4977 apud
1017 4910 1338 4962 Lateranum
1363 4923 1390 4958 a
1421 4908 1480 4960 Β.
1512 4922 1646 4976 papa
1678 4908 1956 4977 Sylvestto

391 4986 546 5035 facta.
576 4979 832 5034 Nonnus
862 4982 912 5033 in
943 4980 1119 5033 Addit.
1148 4979 1212 5031 ad
1245 4977 1563 5034 Usuardum.

464 5057 486 5085 ε
517 5050 777 5104 Damiam‘.
811 5050 941 5105 Cum
969 5051 1068 5102 hoc
1094 5050 1231 5115 passi
1264 5057 1388 5100 sunt
1424 5045 1744 5110 Restitutus,
1784 5047 1957 5101 Dona-

396 5133 502 5183 tus,
540 5118 864 5182 Victorinus,
895 5119 1176 5183 Salutaris,
1199 5116 1480 5175 Crescens.
1516 5118 1833 5182 Demetrius,
1859 5120 1959 5171 Ne-

392 5192 591 5246 tnesius
621 5198 672 5241 ct
719 5191 1033 5258 Exnorgius,
1082 5187 1359 5243 Eusebius.
1397 5186 1612 5258 Hieron.
1650 5185 1919 5258 Martyrol.

461 5261 489 5301 ά
523 5261 784 5328 Ragitulﬁ.
819 5254 1030 5312 De'hoc
1061 5259 1179 5311 vide
1206 5271 1365 5328 supra
1394 5255 1690 5328 sextojlial.
1721 5254 1922 5328 Jnnias.

468 5332 491 5357 "
542 5324 1017 5383 Viloni.Viroduni
1068 5328 1259 5381 natalis
1307 5324 1593 5390 S.Vitoni,
1644 5327 1964 5392 Uctaviepi-

393 5401 539 5470 scopi
565 5403 803 5467 ejusdem
838 5400 1004 5470 urbis,
1043 5399 1141 5470 qui,
1165 5406 1405 5470 tempore
1433 5396 1727 5470 Chlodovei
1754 5398 1805 5448 in
1827 5410 1960 5470 conf

394 5465 521 5525 uilio
573 5465 944 5526 Aurelianensi
992 5465 1081 5522 an.
1127 5467 1231 5523 502
1261 5469 1486 5529 electus,
1524 5465 1813 5519 Ecclesiam
1859 5465 1965 5519 sibi

394 5544 734 5593 commissam
763 5542 915 5593 annis
948 5537 1058 5592 fere
1086 5538 1153 5591 9.7
1185 5537 1425 5606 diligenti
1446 5550 1570 5589 cura
1601 5534 1784 5590 docuit
1799 5543 1852 5589 et
1871 5550 1966 5606 gu-

397 5612 657 5662 bernavit.
686 5611 827 5663 Ubiit
852 5617 1028 5663 autem
1055 5624 1142 5661 an.
1171 5607 1274 5660 529
1304 5608 1547 5660 Dsuocu.

478 5675 745 5798 Ingenii}.-
780 5680 854 5732 De
898 5678 1001 5732 hoc
1044 5677 1166 5733 vide
1204 5690 1361 5745 supra
1407 5690 1465 5730 in
1508 5676 1627 5730 idus
1668 5673 1866 5745 Aprilis
1908 5685 1966 5732 et

583 5782 596 5798 ο
717 5762 769 5798 ll.

396 5760 451 5802 ιν
480 5760 596 5798 Ml.
629 5760 769 5800 JUIII.

2072 4490 2192 4564 Ευίι
2230 4505 2408 4547 autem
2457 4496 2522 4547 de
2575 4495 2790 4564 regione
2839 4490 3159 4559 Painmnue,
3215 4492 3428 4564 civitate
3470 4494 3645 4547 Saba-

2067 4562 2158 4615 ria:
2193 4579 2205 4613 :
2238 4564 2325 4631 qui
2356 4565 2494 4633 apud
2526 4562 2713 4618 urbem
2744 4563 3212 4619 Mediolanensem.
3242 4563 3415 4631 primo
3460 4579 3653 4613 mona—

2063 4633 2281 4684 steriunt
2309 4636 2582 4687 constituit
2613 4651 2626 4687 :
2657 4634 2750 4687 sed
2790 4635 2857 4687 ab
2881 4636 3164 4693 haereticis.
3188 4648 3253 4686 eo
3280 4633 3420 4699 quod
3443 4633 3500 4684 S.
3526 4633 3655 4683 Τςί-

2068 4704 2287 4757 nitatem
2343 4705 2636 4770 intrepidus
2675 4706 3006 4772 praedicaret,
3048 4705 3207 4771 virgis
3246 4715 3441 4763 caesus,
3486 4714 3658 4766 atque

2072 4774 2326 4840 expulsus
2363 4780 2428 4829 de
2456 4776 2624 4838 Italia,
2671 4776 2721 4827 in
2763 4773 2963 4827 Gallias
3008 4774 3273 4827 accessit:
3322 4774 3516 4824 multus
3550 4787 3650 4837 pa-

2073 4856 2336 4910 ganorum
2396 4847 2635 4897 converti
2681 4844 2844 4907 fecit,
2904 4846 3098 4910 templa
3150 4857 3336 4895 eorum
3395 4840 3658 4901 idolaquc

2072 4912 2374 4981 confregit,
2422 4915 2655 4981 fecitque
2705 4915 2868 4967 multa
2910 4916 3061 4983 signa
3127 4913 3178 4964 in
3234 4911 3481 4983 populos.
3546 4911 3659 4965 llic

2072 4990 2344 5054 transtulit
2396 4998 2590 5054 corptts
2642 4984 2700 5036 Β.
2760 4982 3020 5054 (ἱειιὶτιηιί,
3064 4982 3414 5054 sepelivitque
3467 4982 3657 5049 ipsum

2061 5051 2213 5119 juxta
2249 5049 2551 5121 sepulcrum
2583 5054 2641 5108 S.
2678 5052 2881 5106 Litorii.
2919 5053 3013 5106 llic
3044 5051 3319 5120 prohibuit
3357 5049 3659 5121 Maximum

2069 5120 2390 5191 tyrannum,
2435 5139 2501 5177 ne
2566 5124 2795 5190 gladium
2861 5126 2911 5175 in
2963 5120 3385 5191 llisuauiamad
3438 5120 3661 5172 interii-

2064 5187 2281 5247 cieudos
2315 5187 2603 5247 destinaret
2635 5194 2911 5246 litereticos
2940 5208 2954 5247 :
2991 5192 3187 5261 quibus
3233 5187 3487 5243 sufficere
3517 5201 3662 5261 _sta-

2069 5262 2190 5324 luit,
2239 5266 2377 5332 quod
2420 5279 2447 5315 a
2482 5264 2867 5317 catholicorum
2899 5259 3142 5315 ecclesiis
3181 5271 3234 5314 et
3261 5259 3659 5332 Communioue

2066 5344 2244 5385 es~ent
2291 5333 2501 5386 remoti.
2553 5334 2938 5386 Gonsummato
3011 5345 3140 5398 ergo
3194 5331 3473 5398 praesentis
3527 5332 3665 5381 vita:

2067 5416 2246 5464 ciirstt,
2271 5404 2395 5455 obiit
2430 5404 2566 5469 apud
2587 5401 2976 5469 Condatensem
2999 5403 3171 5453 vicum
3208 5401 3476 5452 urbissute
3506 5414 3667 5469 anno

2066 5474 2128 5527 8t
2184 5474 2378 5538 aetatis,
2427 5467 2622 5527 ChriSti
2656 5471 2781 5525 597.
2815 5468 2981 5526 Gut-:6.
3035 5469 3239 5523 ’l'uaox.
3271 5486 3323 5533 χ,
3374 5471 3464 5524 3|.
3514 5467 3668 5524 Vide

2067 5547 2224 5600 etiam
2254 5543 2370 5611 ejus
2400 5558 2484 5596 res
2510 5553 2709 5611 gestas,
2740 5556 2871 5610 quas
2903 5543 3147 5611 scripsit,
3176 5542 3433 5611 Suilpitius
3469 5538 3666 5611 Seve-

2068 5627 2161 5669 rus
2192 5615 2360 5666 tribus
2404 5610 2550 5666 libris
2599 5612 2961 5679 dialogorum,
3016 5622 3071 5663 et
3122 5610 3285 5679 Grcg.
3320 5610 3666 5663 Turonensis

2068 5683 2234 5741 libros
2261 5698 2310 5737 tv
2339 5684 2403 5738 de
2435 5684 2697 5738 Miraculis
2729 5692 2784 5737 δ.
2817 5682 3045 5735 Martini.

3668 5750 3690 5775 1
