4054 6190
290 320 423 381 11οΞ

990 316 1199 374 Βεζυῶ
1242 315 1697 373 VENERABILIS
1730 315 1878 373 OPP.
1922 317 2098 375 PARS
2140 318 2224 372 IV.
2256 348 2322 360 —
2365 319 2747 377 HISTORICA.

3396 320 3539 378 “Ol

1537 424 1767 481 EDITIO
1804 424 2265 485 COLONIENSIS.

349 524 409 578 Β.
443 522 560 578 lous
588 521 824 576 Novum.
868 520 1129 576 Ravennae
1161 522 1334 575 natale
1364 528 1667 574 sanctorum
1702 535 1845 574 mar-
1879 528 1926 585 Α
1952 524 2181 577 rioribus
2223 524 2340 591 ejus
2389 524 2802 592 prmcipitarettt,
2850 536 2911 576 ac
2958 523 3037 578 sic
3085 524 3289 580 Christi
3332 540 3539 601 martyr

277 625 453 686 tyrnm
487 613 784 679 Valentini,
816 614 1113 679 Solutoris,
1144 615 1391 669 Victoris.
1423 613 1653 667 Turonis
1681 612 1848 680 depo-

262 706 401 761 sitio
430 708 595 760 sancti
630 706 780 759 Bricii
812 708 1046 774 episcopi
1080 716 1133 761 et
1169 707 1513 761 coafesmris.
1548 708 1600 759 In
1634 706 1850 776 provin-

277 798 358 849 cia
416 795 553 864 apud
612 798 774 864 Aquis
832 794 1099 850 civitatem
1158 796 1292 849 beati
1348 795 1518 851 Metrii
1574 795 1853 851 clarissimi

279 888 547 956 martyris.

350 978 413 1031 Ο.
456 978 616 1034 XVIII
651 979 782 1033 Kac.
827 978 1060 1032 Deceus.
1106 980 1255 1049 Apud
1284 980 1563 1036 Thraciam
1591 981 1855 1037 civitatem

277 1068 586 1122 Heracleam
606 1109 620 1131 ,
654 1068 827 1122 natale
852 1078 1158 1123 sanctorum
1193 1080 1483 1141 martyrum
1514 1070 1854 1135 Clementini,

282 1158 562 1223 Theodoti,
598 1157 904 1211 Philomini.
940 1158 1089 1227 Apud
1120 1160 1495 1214 Alexandriam
1531 1160 1667 1214 beati
1697 1160 1855 1215 Sera-

282 1248 475 1315 pionis,
509 1263 665 1316 quem
714 1260 1083 1315 persecutores
1123 1250 1223 1303 sub
1271 1252 1428 1306 Decio
1470 1252 1523 1306 in
1565 1251 1723 1306 domo
1762 1266 1855 1305 sua

281 1339 664 1393 crudelissimis
718 1339 1009 1394 alfecerunt
1066 1342 1377 1409 suppliciis,
1435 1344 1503 1397 ita
1564 1353 1639 1409 ut,
1670 1359 1858 1400 omnes

275 1427 553 1498 juncturas
583 1431 630 1483 ei
664 1431 1027 1485 membrorum
1075 1433 1220 1501 prius
1263 1434 1550 1501 solventes,
1588 1434 1657 1488 de
1694 1449 1854 1503 supe-

1956 614 2279 670 efficerctur.
2316 616 2449 672 item
2483 615 2728 681 lleraclii,
2756 616 3041 681 Martialis,
3073 618 3294 685 Donati,
3325 628 3379 675 et
3408 620 3543 676 alio-

1959 723 2074 762 rum
2105 709 2411 763 multorum.

2030 797 2093 850 D.
2137 796 2277 851 XVII
2314 795 2449 850 Kac.
2491 795 2727 850 Deserta.
2770 794 2954 851 Natale
2990 795 3160 850 sancti
3204 796 3393 852 Felicis
3428 802 3544 865 cpi-

1960 889 2108 958 sc0pi
2129 929 2143 953 ,
2170 889 2258 958 qui
2293 902 2320 940 a
2350 888 2537 957 quinto
2567 887 2777 941 decimo
2806 888 2980 941 :ctatis
3006 903 3113 941 suae
3141 902 3283 941 anno
3312 890 3544 943 miracu-

1964 981 2134 1035 lorutn
2167 980 2333 1048 gloria
2368 977 2590 1047 insignis
2624 977 2750 1041 fuit,
2789 988 2845 1032 et
2882 979 2982 1032 sub
3014 978 3273 1033 Martiano
3314 981 3547 1048 praeside

1960 1086 2083 1125 cum
2114 1070 2231 1124 aliis
2261 1069 2473 1139 triginta
2504 1069 2818 1132 martyrium
2847 1068 3155 1136 complevit.
3195 1069 3399 1136 Corpus
3426 1070 3545 1136 ejus

1963 1160 2239 1233 Elypidius
2270 1159 2547 1229 presbyter
2577 1160 2631 1211 in
2661 1156 2872 1211 Nolensi
2912 1158 3135 1212 ecclesia
3175 1157 3438 1225 sepelivit.
3488 1159 3545 1210 In

1963 1254 2141 1309 Africa
2172 1253 2349 1308 natale
2378 1260 2683 1307 sanctorum
2717 1250 2945 1306 Secundi
2965 1291 2983 1313 ,
3013 1250 3342 1317 Fidentiani,
3369 1250 3545 1307 Varici

1963 1355 2277 1414 martyrum.

1518 1524 1744 1579 EDITIO
1786 1519 2289 1578 BOLLANDIANA.

358 1612 442 1666 I5.
474 1639 543 1651 -—-
568 1610 763 1664 intaus.
795 1611 1023 1667 Turonis
1065 1613 1238 1668 natale
1268 1614 1325 1669 S.
1358 1619 1383 1647 ⁸
1418 1614 1572 1670 Bricii
1603 1615 1858 1685 episcopi.

353 1699 537 1755 Florus
566 1701 709 1753 addit
738 1702 787 1754 in
812 1701 874 1755 Τ.
900 1712 951 1755 ει
977 1702 1035 1756 L.
1070 1719 1084 1756 :
1118 1704 1269 1770 Quia
1293 1705 1625 1759 Turonorum
1662 1710 1855 1774 popqu

276 1794 613 1858 criminatu=,
638 1792 914 1859 infantem,
939 1793 1005 1849 de
1027 1809 1131 1864 quo
1156 1808 1334 1849 sermo
1356 1807 1488 1861 erat,
1515 1796 1721 1865 triginta
1752 1797 1865 1851 dies

283 1885 588 1947 habentem,
623 1883 907 1937 adductum
940 1885 1221 1952 adjuravit,
1257 1897 1332 1951 ut,
1368 1886 1411 1940 si
1442 1887 1555 1955 ipse
1584 1897 1725 1942 esset
1766 1902 1862 1957 ge-

278 1972 421 2028 nitor
445 1975 583 2043 ejus,
613 1989 791 2028 coram
824 1974 1026 2029 cunctis
1061 1976 1312 2030 ediceret.
1358 1976 1453 2031 Cui
1499 1978 1671 2033 infans
1704 1995 1719 2032 ε
1748 1979 1862 2034 Non

278 2080 339 2119 es
371 2076 445 2127 tu,
480 2065 669 2132 inquit,
706 2074 852 2133 pater
880 2078 1047 2121 meus.
1080 2064 1293 2135 Populis
1325 2066 1515 2121 iterum
1546 2066 1860 2134 furentibus,

285 2168 481 2223 prunas
508 2155 753 2208 ardentes
788 2152 930 2206 hirro
960 2168 1057 2208 suo
1085 2154 1358 2222 impositas
1389 2171 1555 2225 usque
1584 2156 1649 2211 ad
1678 2157 1825 2226 sepu'
1848 2187 1864 2198 ς

272 2258 429 2299 crum
460 2244 518 2298 S.
546 2242 750 2297 Martini
782 2242 1104 2312 deportavit,
1136 2245 1318 2299 dicens
1354 2264 1365 2299 :
1401 2245 1550 2302 Sicut
1597 2247 1735 2301 istud
1769 2264 1864 2302 ve-

281 2334 590 2387 stimentum
633 2332 699 2386 ab
754 2332 835 2386 his
889 2332 1096 2403 ignibus
1138 2333 1330 2389 videtis
1380 2336 1635 2401 inustum,
1692 2337 1760 2390 ita
1811 2342 1865 2390 et

278 2439 474 2493 corpus
522 2439 698 2477 meum
729 2437 757 2476 a
803 2432 945 2478 tactu
988 2424 1223 2480 mulieris
1272 2426 1462 2481 scitote
1508 2426 1858 2496 impollutunt.

278 2516 310 2555 δ
340 2517 601 2585 Scriptum
631 2514 683 2569 in
715 2514 888 2568 Gestis
919 2514 1052 2584 ejus.

354 2608 438 2667 IL,
493 2607 545 2660 In
592 2604 817 2659 Thracia
873 2606 1052 2661 natale
1097 2606 1198 2663 SS.
1230 2607 1484 2673 Secundi,
1536 2609 1865 2675 Fidentiani,

278 2675 556 2730 Martialis.
589 2675 644 2729 lu
674 2675 953 2729 Antiochia
996 2680 1171 2731 natale
1200 2677 1297 2732 SS.
1343 2678 1558 2743 Donati,
1591 2680 1861 2743 Restituti,

279 2746 570 2809 Valeriani,
602 2755 658 2799 et
688 2744 966 2798 Fructuosi
1013 2760 1130 2799 cum
1163 2747 1281 2800 aliis
1311 2749 1611 2801 duodecim.
1658 2748 1721 2802 (Σ.
1774 2748 1861 2813 V.,

282 2818 347 2870 Et
368 2814 426 2871 S.
461 2824 481 2851 ε
518 2814 752 2877 Antonii,
784 2824 834 2869 et
864 2813 1125 2881 depositio
1149 2816 1204 2870 S.
1230 2817 1432 2872 Jacobi.
1465 2817 1550 2884 L.,
1583 2819 1635 2873 ln
1660 2818 1861 2872 Malbo-

278 2888 368 2941 dio
398 2885 672 2939 translatio
701 2886 818 2956 S.d
847 2885 1171 2956 Aldegundis
1202 2886 1442 2956 virginis.
1476 2892 1540 2942 A.
1574 2888 1664 2953 T.,
1697 2887 1863 2942 Rote-

280 2960 362 3010 nis
390 2957 601 3011 civitate
638 2955 814 3007 natale
842 2955 898 3006 Β.
952 2956 1173 3010 Atnandi
1219 2955 1478 3023 episcopi.
1531 2959 1621 3022 A.,
1650 2959 1703 3012 In
1731 2972 1864 3024 pago

281 3026 651 3081 Catncracensi
684 3025 735 3079 in
767 3026 888 3078 villa
918 3040 1039 3095 quae
1070 3026 1266 3080 dicitur
1310 3026 1649 3083 Calderiacus
1688 3030 1864 3081 natale

276 3098 335 3151 S.
374 3100 396 3165 ‘f
431 3096 757 3150 Maxelendis
788 3094 1002 3165 virginis
1024 3104 1080 3149 et
1119 3097 1385 3165 martyris.
1420 3098 1619 3151 Eodem
1650 3097 1737 3150 die
1764 3098 1861 3152 de-

280 3164 581 3231 positioS.t
606 3164 815 3218 Killiani
842 3166 1075 3232 episcopi
1099 3176 1151 3219 et
1182 3164 1518 3221 confessoris.
1548 3168 1636 3233 1‘.,
1666 3167 1862 3220 Eodem

2046 1608 2132 1663 14.
2164 1638 2232 1649 -
2262 1608 2421 1663 XVIII
2446 1607 2577 1663 ΚΑι..
2612 1607 2849 1663 Dscaua.
2877 1607 3039 1662 Vacat
3060 1607 3241 1664 Bazda.

2041 1702 2107 1758 V.
2134 1701 2213 1756 ϐ..
2244 1702 2296 1754 1η
2329 1701 2530 1755 Eraclia
2556 1701 2732 1755 natale
2759 1701 3039 1765 Clementi,
3071 1702 3381 1769 'l'heodotaa,
3416 1705 3541 1761 Phi.

1974 1774 2187 1835 lomeni,
2219 1772 2283 1824 Et
2306 1772 2530 1825 aliorum
2559 1772 2842 1825 multorum
2867 1787 3091 1837 quorum
3144 1775 3353 1827 nomina
3404 1777 3545 1831 Deus

1897 1831 1941 1891 Β
1966 1846 2090 1908 scit;
2121 1831 2240 1908 qua:
2280 1844 2358 1895 sic
2404 1840 2648 1909 leguntur
2678 1842 2729 1894 in
2761 1842 2823 1895 L.
2857 1831 2919 1896 Β.
2957 1859 2969 1893 :
3006 1843 3060 1895 In
3091 1842 3307 1898 Eraclea
3330 1845 3548 1901 civitate

2878 1914 3057 1965 natale
3107 1913 3204 1967 SS.
3255 1913 3548 1971 Clementis

1972 1982 2063 2054 [Β.
2097 1977 2559 2054 ont._Cl_etnent_is],
2584 1977 2926 2054 Qlenteniitii.
2959 1980 3244 2049 Filomeni,
3275 1983 3538 2054 Theodoti

1967 2050 2020 2107 ét
2046 2052 2237 2107 Eracli.
2272 2052 2371 2106 Pro
2396 2050 2585 2119 quibus
2611 2051 2661 2104 in
2689 2052 2755 2105 A.
2789 2062 2842 2104 et
2866 2050 2924 2103 Τ.
2951 2054 3118 2105 solum
3141 2063 3220 2105 est
3245 2070 3257 2103 :
3293 2052 3540 2107 Clemen-

1970 2124 2090 2188 tini,
2122 2120 2452 2191 Philemonis
2480 2130 2533 2191 et
2561 2120 2807 2191 lleraclii.
2839 2120 2891 2174 In
2923 2121 2981 2174 Β.
3011 2120 3078 2174 ad
3103 2122 3264 2175 finem
3286 2126 3497 2191 punitur
3525 2143 3542 2177 :

1971 2195 2035 2246 Et
2065 2192 2239 2247 natale
2265 2192 2321 2245 S.
2358 2190 2557 2245 Eradii.
2585 2190 2676 2253 A.,
2708 2190 2905 2245 Eodcm
2938 2192 3021 2245 die
3050 2190 3307 2255 repositio
3332 2205 3544 2247 sancto-

1966 2278 2081 2317 rum
2107 2275 2390 2330 corporum
2420 2258 2657 2325 Quiutini
2699 2261 2944 2327 martyris
2979 2270 3031 2314 et
3051 2260 3290 2315 Cassiani
3330 2266 3545 2329 pontili-

1966 2334 2066 2395 cis,
2094 2332 2404 2385 imminente
2432 2331 2645 2382 tristitia
2669 2344 2894 2383 summa.
2930 2330 3014 2396 D.,
3049 2330 3365 2384 Alexandria
3397 2341 3423 2377 tt
3447 2333 3547 2385 Se-

1968 2403 2226 2470 rapionis,
2278 2400 2369 2470 qui
2417 2401 2517 2455 sub
2569 2399 2728 2454 Decio
2776 2400 3139 2469 praecipitatus
3176 2410 3379 2468 martyr
3422 2401 3547 2456 efﬁ-

1960 2473 2123 2526 citur.

2038 2584 2128 2638 15.
2153 2612 2224 2623 -
2249 2580 2388 2635 XVII
2420 2579 2555 2634 ΚΑΙ..
2586 2580 2753 2635 Vacat
2783 2580 2956 2633 Beda.

2041 2677 2102 2729 ν.
2132 2675 2196 2729 C.
2221 2718 2234 2741 ,
2284 2675 2337 2728 Ιιι
2380 2672 2557 2727 Africa
2590 2670 2901 2735 Secundini,
2934 2671 3216 2735 Marcialis,
3260 2671 3545 2727 Calendio—

1967 2747 2070 2811 nis,
2107 2745 2321 2807 Valerii,
2356 2744 2632 2814 Fructuosi
2677 2757 2796 2795 cum
2826 2742 2955 2814 aliis
2979 2741 3270 2814 duodecim
3301 2741 3396 2814 [(2.
3429 2760 3533 2795 om.

1964 2809 2289 2883 duodecim].
2336 2814 2376 2866 D
2407 2856 2437 2883 ,ν
2466 2809 2493 2883 β
2525 2812 2719 2883 Felicis
2746 2810 2992 2883 episcopi
3038 2813 3128 2883 qui
3171 2809 3539 2866 miraculorum

2006 2887 2134 2939 Ioria
2166 2881 2387 2949 insignis
2419 2882 2534 2936 fuit.
2567 2881 2627 2935 Β.
2657 2884 2719 2936 A.
2744 2882 2807 2933 Τ.
2840 2882 2925 2943 1...
2958 2882 3012 2934 In
3043 2882 3219 2934 Africa
3251 2884 3419 2935 natale
3441 2884 3539 2935 SS.

2006 2902 2134 2939 torta
2167 2902 2387 2949 tttStgnts
2419 2902 2534 2936 ιιιιι.
2567 2902 2627 2935 ι).
2657 2902 2719 2936 τι.
2757 2902 2807 2933 ι.
2840 2902 2925 2943 ι...
2958 2902 3012 2934 ιιι
3043 2902 3219 2934 Atrtca
3251 2902 3419 2935 natare
3442 2902 3539 2935 Sa.

1965 2902 2218 3019 gecundi,
2256 2952 2547 3021 Fidetttiatti
2598 2950 2710 3021 ῘΒ..
2743 2952 2871 3021 SS._
2899 2951 3172 3011 Martialis,
3227 2949 3544 3018 Fidentianil

1968 3035 2021 3079 et
2054 3018 2309 3078 Demetrii
2341 3020 2536 3094 [L.,_et
2562 3018 2896 3094 Secundini].
2930 3023 2985 3094 _ln
3018 3021 3295 3094 Antiochia
3328 3020 3539 3094 Donati,

1969 3095 2237 3156 Restituti,
2268 3090 2387 3146 cuin
2416 3091 2530 3144 aliis
2560 3091 2796 3158 triginta.
2827 3091 2884 3143 Β.
2911 3090 3041 3143 duos
3064 3090 3208 3143 addit
3234 3091 3311 3143 sic
3332 3092 3549 3143 conclu-

1972 3166 2104 3219 dens
2137 3180 2153 3217 :
2187 3162 2469 3223 Valeriani,
2505 3162 2781 3214 Fructuosi
2816 3175 2935 3212 cum
2967 3159 3084 3213 aliis
3111 3159 3415 3214 duodecim.
3452 3164 3547 3223 A.,

1968 1914 2213 1967 Thraciae
2264 1911 2348 2033 Ψ..
2399 1926 2499 1992 om:
2555 1910 2819 1980 Thraciae]

1972 1982 2063 2033 IB.
2097 1998 2200 2033 om.
2227 1980 2265 2033 C
2292 1977 2559 2033 etnenttsl.
2584 1981 2819 2033 Clement

285 3211 470 3290 ἱιῖἐίὶῖ
486 3211 1636 3301 ᾖιτὲἆέὲᾝέιέἐῑᾘὲἐῖ’ἐξιιῑιέῖἱξὲἷιίίέἔε’ἑί
1661 3211 1865 3304 λ’ᾇὲξίὶ.
1898 3211 1942 3273 C
1975 3211 2177 3288 suis.
2204 3211 2469 3288 ‘aa;'“'s':
2507 3211 2858 3285 imaeue.
2927 3211 2988 3282 ι..
3032 3211 3054 3297 ζ
3114 3211 3202 3283 Et
3229 3211 3417 3298 passio
3454 3211 3547 3283 ἐξ

1668 3324 1881 3381 SMITII
1920 3323 2150 3379 NOTIE.

361 3422 385 3446 "
416 3413 597 3469 Bricii.
624 3413 719 3468 llic
741 3413 1016 3468 ordinatus
1042 3422 1124 3469 est
1150 3428 1289 3469 anno
1313 3414 1522 3469 Arcadii
1551 3424 1604 3470 et
1629 3415 1848 3470 Honorii

279 3485 545 3549 secundo,
574 3485 623 3538 id
650 3493 733 3538 est
758 3483 957 3539 Christi
1002 3483 1128 3539 597.
1161 3485 1285 3539 Fuit
1310 3495 1490 3540 autem
1520 3485 1649 3541 civis
1679 3486 1849 3540 Turo-

282 3557 455 3618 uicus.
491 3556 574 3609 cui
609 3554 883 3624 trigesimo
921 3556 1078 3608 tertio
1107 3556 1450 3623 episcopatus
1480 3569 1621 3610 anno
1642 3561 1847 3610 crimen

276 3626 532 3682 adulterii
561 3635 643 3680 est
672 3627 961 3693 impactum
1000 3640 1030 3678 a
1076 3624 1283 3680 civibus
1310 3625 1631 3692 Turonicis;
1662 3626 1850 3693 expul-

259 3711 448 3766 ssoque
476 3709 540 3748 eo
558 3696 922 3766 Justinianum
940 3694 1341 3766 ordinaverunt,
1367 3695 1450 3749 cui
1478 3694 1725 3750 defuncto
1749 3698 1852 3766 Arf

284 3763 510 3820 mentitis
538 3763 812 3819 successit.
844 3764 1079 3818 Briccius
1111 3781 1239 3819 vero
1266 3766 1295 3817 7
1329 3766 1481 3818 anuis
1510 3766 1690 3819 Romae
1713 3764 1852 3834 apud

268 3850 471 3903 papam
501 3837 699 3904 degens
757 3834 941 3889 insons
971 3842 1234 3899 inventus,
1263 3843 1319 3889 et
1353 3837 1418 3888 ad
1462 3836 1645 3889 urbem
1680 3836 1854 3889 redire

265 3909 459 3972 .jussus
485 3903 592 3958 est.
619 3903 714 3958 llic
738 3904 1021 3957 :edilicavit
1052 3905 1324 3957 basilicam
1369 3919 1532 3972 super
1560 3919 1753 3972 corpus
1781 3906 1845 3959 Β.

288 3976 519 4037 Martini,
554 3975 605 4026 in
632 3989 730 4041 qua
763 3982 819 4026 et
844 3974 956 4038 ipse
985 3976 1219 4039 sepultus
1260 3984 1363 4028 est.
1395 3975 1539 4028 Obiit
1578 3976 1718 4028 circa
1751 3989 1840 4028 an.

288 4046 432 4107 M3,
486 4050 768 4113 postquam
812 4042 880 4096 47
936 4057 1105 4097 annos
1158 4045 1522 4113 episcopatum
1573 4046 1850 4113 gessisset.

262 4114 441 4170 ’GREG
489 4112 692 4166 'l‘unoa'.
726 4111 889 4180 llist.,
919 4128 971 4177 ι,
1006 4114 1106 4177 51;
1143 4111 1361 4167 Gttuvtus
1384 4115 1511 4167 SEN.

355 4194 382 4233 δ
410 4182 851 4253 Scriptnmawde
879 4191 933 4235 et
959 4183 1139 4253 Greg.,
1174 4184 1304 4237 llist.
1342 4183 1403 4245 Il,
1438 4184 1485 4237 l.

358 4260 379 4286 ε
414 4254 637 4305 Antonii.
672 4252 804 4307 lluic
830 4252 1219 4322 adjuncti’sunt
1249 4253 1471 4307 Zebinas
1508 4253 1670 4322 patria
1697 4252 1858 4308 Eleu-

287 4322 746 4391 tlteropolitanus,
800 4332 854 4377 et
880 4327 1194 4377 Germanus.
1241 4323 1351 4379 Sui)
1394 4324 1677 4377 Maximino
1733 4328 1860 4391 imp.

1955 3413 2085 3470 latio
2117 3414 2230 3467 lucc
2257 3413 2356 3467 sub
2380 3412 2534 3465 linem
2566 3412 2779 3480 septimi
2809 3411 2993 3467 sreculi
3012 3411 3255 3479 conligit.

2034 3492 2058 3519 ε
2092 3484 2435 3537 Maxelendis.
2480 3484 2608 3547 Qua:
2650 3496 2797 3551 patre
2847 3483 3111 3545 lluntlino,
3166 3494 3334 3537 matre
3374 3484 3552 3538 Amol-

1961 3554 2116 3608 tt'ude
2167 3562 2290 3607 nata
2321 3563 2404 3605 est
2436 3592 2450 3617 ,
2485 3556 2620 3605 hanc
2651 3567 2770 3605 cum
2819 3552 3117 3606 llarduinus
3166 3555 3380 3620 quidam
3409 3556 3547 3621 apud

1960 3622 2373 3678 Cameracenscs
2405 3622 2563 3676 nobili
2592 3637 2788 3690 genere
2826 3631 2995 3678 ortus.
3037 3622 3087 3691 in
3115 3621 3419 3691 conjugium
3451 3624 3550 3677 fru-

1961 3703 2070 3747 stra
2099 3694 2346 3756 ambiret,
2382 3690 3111 3778 furore‘przeceps..interfecit
3141 3692 3281 3778 circa
3308 3708 3393 3778 an.
3422 3695 3546 3778 1.:8'5,

1960 3772 2253 3817 utconstat
2297 3777 2359 3815 ex
2413 3761 2526 3813 Vita
2573 3761 2631 3815 S.
2703 3762 2995 3815 Vin-ticiani
3045 3762 3180 3830 apud
3238 3764 3548 3817 Bollandum

1962 3834 2125 3897 edita,
2159 3847 2278 3899 cap.
2309 3831 2362 3883 2.
2390 3830 2518 3900 Ejus
2561 3844 2752 3898 corpus
2792 3842 3033 3899 parentes
3063 3834 3232 3900 primo
3258 3832 3309 3885 in
3352 3838 3553 3900 templo

1960 3902 2341 3957 Pomerellensi
2374 3901 2717 3965 tumularunt,
2751 3912 2932 3971 postea
2958 3904 3343 3957 transtulerunt
3368 3902 3553 3957 Calde-

1960 3974 2185 4036 riacum,
2220 3971 2304 4025 ubi
2335 3973 2513 4023 occisa
2545 3980 2646 4024 Cal.

2043 4041 2327 4095 fKitliani.
2361 4041 2460 4106 Qui
2505 4042 2555 4093 in
2606 4039 2857 4094 Hibernia
2910 4048 3080 4106 natus,
3108 4049 3162 4094 et
3201 4056 3319 4095 curn
3372 4041 3552 4095 multis

1958 4112 2243 4167 virtutibus
2288 4111 2521 4175 floreret,
2572 4111 2852 4177 episcopus
2897 4110 3070 4163 factus
3114 4121 3215 4165 est.
3250 4111 3372 4166 Inde
3402 4112 3552 4165 desi-

1961 4184 2111 4237 derio
2140 4180 2505 4250 peregrinandi
2549 4192 2742 4242 motus,
2773 4195 2893 4233 cum
2916 4179 3012 4233 SS.
3044 4181 3226 4235 Livino
3274 4180 3550 4250 episcopo,

1968 4254 2112 4306 Helia
2136 4260 2188 4306 et
2218 4249 2454 4302 Foillano
2482 4250 2785 4312 discedens,
2840 4250 3060 4303 Romam
3092 4255 3351 4317 pervenit,
3380 4249 3468 4303 ubi
3493 4255 3548 4304 iu

1970 4321 2205 4376 Ecclesia
2232 4319 2288 4373 S.
2319 4318 2457 4373 Petri
2490 4334 2582 4390 per
2624 4334 2793 4373 annos
2817 4320 3059 4373 undecim
3101 4328 3154 4373 et
3185 4322 3410 4390 amplius
3440 4320 3555 4374 Deo

284 4389 663 4465 comprehensi
686 4393 1135 4465 apudCacsaream
1165 4393 1538 4465 Cappadocia},
1563 4392 1711 4461 jussu
1745 4389 1858 4445 Fir-
1889 4405 1936 4465 ο
1961 4392 2197 4465 servivit.
2236 4392 2402 4465 [torua
2452 4391 2501 4442 in
2532 4389 2806 4465 Franciain
2837 4390 3107 4465 profectus
3134 4431 3148 4465 τ
3191 4389 3549 4465 S._Fiacrium

284 4463 482 4515 miliani
515 4464 754 4530 prtesidis
792 4462 1087 4515 obtrunciti
1117 4472 1259 4515 sunt.
1295 4464 1516 4531 Eussn.,
1544 4470 1609 4517 de
1640 4465 1857 4532 Martyr.

288 4532 597 4596 l’alacstium,
632 4546 749 4597 cap.
773 4532 826 4585 9.

361 4602 749 4671 dAtdcgundis.
794 4601 868 4653 De
924 4600 1020 4653 hac
1076 4601 1195 4655 vide
1248 4616 1430 4667 supra,
1485 4599 1556 4653 30
1610 4600 1865 4655 Januarii.

285 4672 419 4725 Tres
448 4674 507 4726 S.
545 4671 866 4739 Aldegundss
893 4671 1229 4737 reliquiarum
1257 4672 1629 4725 translationes
1664 4674 1865 4737 reperi-

286 4756 435 4795 mus:
472 4743 636 4809 prima
664 4756 692 4793 a
715 4741 773 4795 S.
807 4742 1096 4795 Aldetrude
1125 4741 1479 4795 Waldctrudis
1507 4781 1522 4804 ,
1569 4756 1684 4809 qua:
1716 4756 1870 4795 soror

285 4822 404 4864 erat
435 4811 775 4881 Aldegundis,
802 4812 913 4881 lilia
945 4823 1256 4878 procurata;
1284 4814 1448 4865 altera
1490 4827 1628 4863 anno
1655 4812 1810 4876 llb‘l,
1839 4825 1869 4864 a

294 4880 592 4934 l~‘ressende
636 4880 939 4944 abbatissa;
972 4882 1123 4934 tertia
1156 4898 1296 4935 anno
1327 4882 1487 4937 1459.
1523 4882 1757 4935 Priorem
1787 4896 1871 4932 ar-

292 4952 547 5003 bitramur
578 4952 733 5003 hodie
780 4952 1083 5019 contigisse.
1114 4949 1315 5006 Vltiose
1364 4953 1416 5006 in
1448 4952 1563 5004 Vita
1616 4952 1670 5004 S.
1706 4952 1871 5004 Alde-

288 5020 475 5085 gundis
521 5019 712 5072 dicitur
760 5024 874 5073 hac
928 5022 1201 5074 translatio
1267 5023 1399 5075 facta
1482 5020 1644 5074 fuisse
1694 5036 1720 5070 a
1750 5036 1873 5087 rege

277 5089 490 5157 .inclyto
520 5087 984 5162 Sigc‘herto‘atque
1016 5089 1301 5162 Aldetrude
1334 5108 1348 5155 ;
1379 5092 1699 5162 Sigebertus
1729 5094 1869 5144 enim

292 5173 383 5213 ret
406 5156 552 5211 anno
590 5156 706 5211 651
734 5156 1095 5228 ιιιήἰι,ἰ·ἱςὶιιιὶ
1127 5160 1238 5215 fere
1267 5161 1419 5214 anuis
1452 5156 1612 5229 prius
1642 5162 1752 5226 ipsa
1782 5164 1872 5213 Al-

287 5229 551 5299 dcgunde,
576 5244 677 5282 ttou
703 5230 871 5296 putuit
898 5228 1054 5297 igitur
1076 5232 1402 5285 translationi
1425 5228 1564 5283 i‘élltts
1595 5230 1871 5283 interesse.

290 5298 373 5353 Διι
401 5301 483 5354 vir
510 5300 646 5352 alius
700 5300 919 5353 illustris
965 5299 1191 5353 adfuerit
1222 5343 1237 5365 ,
1295 5302 1604 5368 Sigcbertus
1638 5301 1873 5365 nomine,

288 5383 446 5437 quem
500 5370 840 5435 posteriores,
874 5383 978 5421 non
1027 5373 1156 5424 satis
1202 5383 1387 5426 exacte
1439 5372 1614 5424 habita
1676 5372 1879 5424 ratione

290 5438 549 5511 temporis
582 5479 597 5504 ,
673 5454 851 5511 rege_tn
921 5438 1082 5493 fuisse
1150 5440 1508 5511 scripserint;
1582 5455 1648 5494 an
1707 5442 1880 5507 potius

296 5507 595 5577 interfuerit
648 5507 752 5563 vel'
779 5508 1101 5563 Francorum
1181 5507 1274 5565 rei
1349 5511 1745 5577 Theodericus,
1791 5520 1882 5564 aut

294 5576 489 5649 aliquis
544 5581 769 5632 filiorum
808 5578 958 5647 ejus,
988 5583 1071 5633 vel
1135 5578 1679 5649 Pipinus'ilerstallus
1710 5576 1882 5647 major

292 5648 531 5724 domus,
592 5650 681 5724 qui
740 5650 1059 5724 quandoque
1121 5648 1209 5704 res
1275 5651 1487 5717 dictus,
1545 5654 1669 5721 quia
1692 5651 1882 5724 _rcgi-

294 5715 405 5767 bus
433 5716 747 5783 imperabat,
765 5715 902 5770 haud
936 5715 1209 5785 possumus
1236 5731 1381 5777 certo
1410 5715 1661 5776 etatuéro.
1690 5715 1881 5777 Trans-

1969 4462 2218 4515 visitavit.
2277 4460 2465 4513 Missus
2493 4469 2670 4513 autem
2699 4475 2728 4512 a
2761 4459 2963 4513 Farone
3013 4460 3264 4513 Meldensi
3294 4464 3555 4528 episcopo

1970 4532 2034 4582 ad
2068 4532 2463 4593 Atrebatenses,
2489 4531 2538 4580 in
2557 4529 2678 4582 vico
2698 4529 2969 4582 Albiuiaco
2996 4530 3281 4593 resedit,et
3297 4531 3436 4584 circa
3460 4545 3555 4584 an.

1970 4602 2073 4656 610
2101 4602 2250 4661 obiit.
2284 4601 2555 4660 Mousus,
2588 4600 2639 4651 in
2671 4599 2840 4651 Natal.
2874 4608 3177 4653 sanctorum
3208 4601 3390 4668 Belgii.

2042 4677 2068 4713 ϐ
2095 4672 2412 4740 Serapionis.
2452 4669 2599 4721 Hunc
2644 4683 2762 4720 cum
2785 4670 2988 4722 aedibus
3026 4670 3135 4723 suis
3173 4669 3559 4738 deprehendis—

1972 4751 2084 4794 seut
2110 4783 2125 4809 ,
2157 4740 2518 4794 acerbissimis
2552 4743 2831 4791 tormentis
2872 4741 3265 4803 excruciarunt,
3296 4752 3349 4793 et
3380 4755 3555 4792 utcm-

1976 4810 2085 4863 bris
2129 4810 2374 4863 omnibus
2420 4809 2750 4879 confractum
2791 4824 2855 4861 ει
2898 4811 3176 4879 caenaculo
3224 4809 3560 4879 praecipitem

1975 4883 2300 4947 dejccerunt.
2338 4879 2552 4943 Essem,
2582 4878 2713 4930 Ilist.
2742 4882 2875 4931 eccl.
2911 4877 2993 4931 Vl.
3025 4880 3114 4933 Η.

2046 4949 2072 4986 δ
2105 4948 2315 5003 Felicis.
2355 4948 2449 5001 llic
2479 4963 2601 5001 cum
2630 4950 2686 5002 S.
2720 4949 2892 5018 Felice
2914 4947 3116 5002 Nolano
3163 4949 3473 5018 presbytero
3504 4947 3561 5000 in

1973 5020 2358 5090 Martyrologiis
2388 5020 2525 5073 male
2555 5017 2914 5085 confunditur,
2945 5022 3194 5087 quoniam
3223 5017 3370 5073 Notae
3391 5019 3559 5073 etiam

2045 5110 2161 5141 SSUS
2191 5110 2396 5141 (IICHIII'.

1976 5107 2161 5163 passus
2191 5093 2396 5144 dicitur.

2054 5158 2071 5197 ί
2105 5160 2356 5213 Nae/rati.
2382 5158 2564 5212 Melius
2612 5158 2873 5222 Macltuti,
2921 5158 3008 5226 qui
3041 5169 3093 5212 et
3120 5157 3297 5212 dictus
3333 5166 3416 5212 est
3449 5158 3562 5210 Ma-

1976 5232 2181 5286 clovius
2207 5246 2221 5295 ;
2258 5228 2571 5283 Britannicis
2601 5229 2909 5296 parentibus
2957 5240 3133 5290 natus,
3162 5239 3214 5281 et
3241 5244 3270 5281 a
3301 5231 3357 5281 ὃ.
3385 5228 3561 5282 Bren-

1976 5305 2117 5356 dano
2144 5301 2229 5368 pie
2257 5302 2513 5353 educatus
2543 5307 2624 5351 est
2648 5336 2664 5362 ,
2685 5300 3017 5368 adolescens
3061 5300 3355 5352 mortachus
3385 5301 3561 5349 lactus

1978 5382 2080 5438 est,
2115 5367 2169 5423 et
2200 5379 2379 5437 postea
2406 5371 2657 5422 defuncto
2681 5367 2821 5421 illius
2849 5371 3080 5438 regLonis
3103 5371 3357 5436 episcOpo
3385 5410 3399 5434 ,
3449 5382 3561 5438 no-

1982 5436 2097 5495 lens
2137 5436 2476 5494 consecratus
2515 5447 2593 5491 est
2642 5436 3350 5507 episcOpus'Gumml-Castri
3384 5436 3529 5490 urbis
3552 5477 3566 5491 .

1981 5512 2211 5567 Germdi
2256 5517 2432 5563 autem
2482 5510 2820 5574 episcoitatus
2862 5522 2999 5561 onus
3049 5511 3314 5574 deponere
3352 5508 3568 5561 deside-

1981 5596 2125 5648 rans,
2154 5582 2206 5633 in
2238 5580 2566 5633 Armoricam
2596 5580 2660 5629 ad
2692 5582 2958 5632 Aaronetn
2982 5580 3225 5648 abbatem
3260 5578 3411 5644 fugit,
3444 5579 3577 5630 Aie-

1984 5647 2161 5706 tcnses
2188 5649 2253 5703 ad
2298 5648 2453 5703 lidetu
2478 5649 2740 5702 convertit
2770 5687 2787 5714 ,
2821 5649 2994 5718 populi
3021 5647 3130 5717 jam
3156 5650 3405 5703 conversi
3436 5652 3567 5702 velit

1985 5723 2119 5778 nolit
2140 5722 2423 5789 episcopus
2445 5717 2762 5774 constitutus
2784 5717 2903 5787 est,
2930 5730 2978 5774 et
3006 5722 3074 5773 70
3101 5720 3388 5775 canonicos
3421 5719 3573 5773 instr-
