4054 6190
443 411 577 464 illi?

1156 415 1354 469 BED/E
1400 416 1843 472 VENEIiAlllLlS
1878 416 2026 471 OPP.
2070 418 2244 472 PARS
2285 421 2370 475 Ill.
2417 450 2479 460 —
2522 422 2899 477 iilSTUlllCA.

3548 429 3686 485 “08

1668 531 1891 586 ElliTlO
1929 532 2169 586 COLONI
2186 532 2394 589 ENSIS.

434 630 579 676 esset
617 620 825 684 colere,
873 620 1251 687 interrogavit,
1304 629 1360 673 ut
1400 635 1465 673 ex
1513 620 1629 688 ejus
1668 621 2003 676 confessione
2032 626 2081 684 Α
2182 626 2245 676 Α.
2297 622 2412 676 Xlll
2465 624 2599 678 ΚΑι..
2643 626 2880 681 Decuma.
2939 627 3122 683 Roma
3167 628 3246 682 via
3296 630 3465 697 Appia
3514 631 3689 687 natale

436 710 718 780 praefectus
768 712 1212 777 confunderetur;
1267 727 1492 781 cumque
1549 728 1678 779 puer
1735 714 1785 766 in
1846 729 2006 768 unum

437 806 602 859 Deum
634 805 805 859 solum
838 805 1159 859 credendum
1190 806 1453 869 dixisset,
1498 805 1795 874 indignatus
1825 806 2008 859 Ascle-

439 896 641 962 piades,
689 897 935 949 catltamo
984 910 1105 948 eum
1157 895 1443 962 suspendi,
1497 910 1559 947 ac
1608 895 1898 961 verberari,
1948 910 2009 949 ac

439 997 709 1051 postremo
732 987 889 1041 etiam
919 986 1169 1039 decollari
1204 984 1359 1053 jllSsil
1380 1028 1392 1050 ,
1424 986 1507 1037 cui
1542 999 1735 1039 nomen
1768 985 2003 1039 Baralas.

434 1083 709 1135 Romanus
732 1094 858 1133 vero
889 1092 1071 1133 rursus
1098 1078 1323 1146 equuleo
1350 1092 1660 1145 suspensus,
1690 1078 2007 1145 ungulisque

434 1179 703 1232 exaratos,
731 1169 797 1223 ad
827 1184 1009 1237 rogum
1041 1168 1351 1232 ardentem,
1381 1169 1430 1220 in
1461 1182 1617 1235 quem
1653 1167 2007 1235 pramipitare-

431 1270 537 1327 tur,
569 1258 859 1328 perductus
890 1266 990 1311 est.
1022 1257 1128 1311 Sed
1156 1266 1341 1310 orante
1365 1272 1449 1321 eo,
1484 1258 1628 1311 venit
1657 1265 1879 1324 repente
1910 1258 2005 1310 im-

434 1354 529 1407 her
558 1352 842 1415 inundans,
874 1360 927 1405 et
968 1350 1242 1403 exstinxit.
1289 1349 1413 1403 Post
1460 1351 1571 1404 hare
1611 1350 1770 1418 jussit
1808 1351 1857 1405 ei
1908 1352 2002 1405 lin-

431 1458 586 1509 guam
620 1442 877 1495 abscittdi.
912 1441 1028 1507 Quo
1071 1440 1227 1501 facto,
1272 1456 1392 1493 cum
1436 1440 1706 1494 Christum
1739 1457 1867 1496 voce
1896 1444 2006 1496 cla-

434 1532 644 1585 rissima
674 1531 946 1595 laudaret,
980 1530 1219 1583 reclusus
1250 1532 1299 1582 in
1330 1546 1546 1584 carcere
1566 1571 1581 1595 ,
1613 1531 1678 1584 ad
1708 1541 2003 1585 extremum

438 1637 567 1675 vero
598 1623 784 1688 laqueo
814 1620 1175 1689 strangulatus
1202 1630 1280 1673 est
1303 1661 1317 1685 ,
1350 1621 1530 1690 sicque
1561 1632 1774 1676 sanclus
1805 1631 2006 1692 martyr

435 1713 677 1781 migravit
716 1712 778 1764 ad
821 1710 1109 1764 Christum.
1156 1711 1283 1764 ltem
1329 1712 1377 1764 in
1424 1710 1609 1765 eadem
1654 1712 1783 1765 urbe
1829 1714 2005 1767 natale

434 1802 605 1856 sancti
655 1802 937 1871 Hesychii,
988 1801 1076 1869 qui
1123 1801 1220 1854 sub
1264 1801 1480 1869 prmfato
1528 1803 1845 1870 imperatore
1883 1818 2003 1857 cum

436 1902 580 1948 esset
612 1892 785 1955 miles,
818 1900 873 1945 et
902 1900 1220 1959 praeceptum
1252 1891 1518 1957 audisset,
1550 1901 1605 1945 ttt
1633 1893 1869 1961 quisquis
1900 1910 2001 1946 non

2109 714 2279 766 sancti
2314 713 2525 766 Maximi
2559 716 2851 785 presbyteri
2898 726 2951 772 et
2999 718 3401 795 martyris,'qui
3441 736 3472 788 p
3537 736 3691 776 secu—

2112 804 2254 855 tiooe
2310 803 2575 857 Maximini
2635 820 2861 873 passus,
2926 809 3126 874 positus
3179 815 3265 862 est
3320 807 3387 859 ad
3506 821 3684 867 nctum

2109 890 2336 945 Sixtum.
2366 892 2562 946 Gelasil
2592 908 2740 962 papae
2761 935 2776 957 ,
2810 896 2896 963 qui
2928 897 3066 950 sedit
3095 897 3147 950 in
3176 899 3484 967 episcopatu
3516 915 3687 957 annos

2107 988 2354 1049 quatuor.
2405 983 2499 1035 llic
2540 985 2809 1037 revocavit
2852 984 3121 1039 Meseuum
3150 988 3491 1055 episcopum,
3524 1007 3685 1060 quem

2109 1072 2257 1126 Felix
2288 1081 2597 1129 antecessor
2639 1077 2780 1129 illius
2807 1076 3175 1144 damnaverat,
3222 1090 3276 1133 et
3318 1085 3683 1139 communioni

2107 1160 2469 1233 Ecclesiteque
2498 1179 2607 1218 suae
2634 1168 2887 1221 restituit.
2913 1168 3006 1221 llic
3036 1170 3201 1223 libros
3230 1170 3488 1227 adversus
3514 1175 3683 1246 Euty-

2105 1255 2240 1307 chen
2294 1263 2350 1308 et
2394 1255 2696 1309 Nestorium
2746 1259 3067 1326 composuit.
3115 1258 3332 1314 Vienna:
3378 1274 3682 1319 sanctorum

2105 1354 2422 1413 martyrum,
2482 1345 2756 1413 Severini,
2817 1346 3068 1415 Exuperii
3118 1359 3172 1404 et
3220 1351 3497 1407 Feliciani.
3552 1356 3683 1412 Item

2104 1433 2273 1487 sancti
2305 1435 2486 1489 Fausti
2514 1436 2759 1500 diaconi,
2793 1439 2876 1491 cui
2905 1448 3105 1493 tantam
3137 1439 3278 1497 Deus
3303 1446 3529 1499 contulit
3558 1463 3683 1517 gra-

2109 1526 2255 1592 tiam,
2289 1542 2409 1580 cum
2440 1529 2617 1583 nullus
2644 1529 2710 1583 ad
2740 1540 2955 1584 sanctos
2986 1532 3075 1600 qui
3101 1532 3495 1602 afﬂigebantur,
3525 1552 3682 1593 acce-

2104 1617 2229 1670 dere
2258 1620 2680 1686 praesnmpsisset
2700 1661 2714 1685 ,
2756 1618 2844 1674 isti
2877 1636 2977 1674 una
3005 1638 3124 1675 cum
3154 1625 3354 1694 collega
3386 1642 3483 1680 suo
3517 1629 3684 1684 Euse-

2105 1708 2193 1760 bio
2222 1709 2457 1772 nomine,
2483 1707 2660 1764 invitis
2691 1712 2939 1766 omnibus
2965 1711 3231 1780 hostibus,
3258 1718 3321 1768 ad
3346 1717 3682 1773 confessores

2103 1800 2299 1854 Christi
2341 1817 2445 1853 non
2488 1801 2779 1871 negabatur
2817 1803 3110 1872 ingressus.
3144 1805 3480 1862 Grandaevus
3523 1811 3682 1875 igitur

2105 1897 2293 1951 beatus
2336 1896 2567 1951 Faustus
2608 1897 3017 1953 obtruncatione
3056 1902 3244 1970 capitis
3282 1914 3683 1958 consummatus

432 1984 758 2037 sacrificaret
796 1982 982 2046 idolis,
1012 1982 1277 2051 cingulum
1310 1983 1575 2049 solveret,
1611 1984 1679 2038 ob
1710 1985 1843 2039 hanc
1871 2001 1997 2039 cau-
2035 1980 2075 2037 Β
2102 1996 2203 2042 est.
2238 1988 2435 2042 Eodem
2467 1988 2555 2043 die
2585 1990 2637 2043 in
2679 1988 2957 2045 Marburch
2988 1991 3157 2046 beata:
3198 1992 3470 2049 Elisahetlt
3500 1994 3681 2049 Land-

432 2091 545 2129 sam
602 2076 889 2143 imperatur
938 2074 1149 2128 colobio
1199 2074 1442 2128 muliebri
1498 2076 1771 2141 indutum,
1829 2077 2001 2145 primo

433 2182 555 2222 eum
604 2168 654 2220 itt
699 2166 993 2241 gytyecium
1038 2165 1211 2228 dedit;
1259 2165 1452 2219 deinde
1495 2167 1651 2234 ligato
1690 2167 1739 2220 in
1781 2168 1999 2223 dextera

432 2260 551 2327 ejus
579 2274 707 2313 saxo
736 2259 958 2327 ingenti,
992 2258 1115 2312 inde
1145 2258 1195 2311 itt
1224 2257 1443 2312 ﬂuvium
1478 2257 1789 2327 praecipitari
1820 2259 1998 2328 jussit.

432 2351 628 2405 Octava
660 2364 771 2404 sant
793 2349 827 2402 ti
858 2348 1067 2403 Martini
1098 2348 1331 2418 episcttpi
1362 2356 1417 2403 et
1450 2348 1792 2404 confessoris.

2106 2094 2323 2150 gravne.

2182 2170 2241 2223 Β.
2271 2168 2362 2223 XII
2395 2169 2527 2224 ΚΑι..
2563 2169 2799 2225 Βεσειω.
2833 2170 3017 2226 Roma
3044 2175 3209 2227 sancti
3239 2173 3480 2230 Pontiani
3513 2192 3682 2245 papae,

2109 2262 2198 2330 qui
2247 2260 2529 2314 Maximino
2558 2261 2811 2315 adversus
2852 2262 3204 2316 Ecclesiarum
3228 2268 3535 2321 sacerdotes
3567 2282 3686 2334 per-

2116 2352 2445 2407 sccutionem
2476 2362 2848 2407 commovente
2893 2368 3013 2407 cum
3040 2352 3324 2425 Hippolyto
3352 2358 3684 2426 presbytero,

1648 2440 1872 2499 EDITIO
1912 2442 2406 2502 BOLLANDIANA.

429 2542 693 2591 tormenta
726 2549 884 2588 mer5t
914 2544 1036 2588 sunt
1068 2535 1117 2587 in
1144 2534 1378 2597 (luvium,
1412 2532 1636 2602 alligatis
1663 2535 1728 2588 ad
1752 2536 1884 2589 colla
1915 2552 2005 2604 pe-

430 2627 607 2681 dibus.
657 2626 805 2680 L'nde
852 2627 1047 2679 virtute
1082 2625 1290 2679 Domini
1328 2636 1601 2691 exeuntes,
1633 2626 1829 2695 alligati
1882 2635 2007 2682 sunt

430 2717 581 2779 r0tis,
610 2724 666 2771 et
686 2730 845 2783 super
874 2715 1047 2783 ignem
1080 2715 1319 2779 volutari,
1372 2714 1442 2767 ita
1473 2726 1527 2768 ut
1556 2716 1790 2769 membra
1820 2732 2003 2772 eorum

429 2818 827 2879 quassarentur.
873 2807 1063 2863 Postea
1116 2823 1238 2861 vt-ro
1286 2808 1555 2874 Victoria,
1609 2809 1861 2864 mamillis
1914 2812 2008 2863 ah-

426 2903 607 2956 scissis
638 2902 919 2969 linguaque
957 2906 1246 2967 amputata,
1286 2900 1499 2968 dignum
1530 2899 1641 2953 Deo
1666 2899 1862 2967 efflavit
1890 2903 2001 2970 spi-

430 2996 619 3060 ritum;
674 2993 914 3048 Acisclus
943 3000 1116 3046 autem
1165 2992 1353 3061 capitis
1392 2992 1719 3047 abscissione
1764 2994 2001 3062 implevit

431 3088 742 3156 martyrium
769 3084 868 3138 sub
895 3084 1090 3138 Sidone
1118 3083 1362 3150 prteside.
1415 3083 1659 3139 Cmsarea
1689 3086 1877 3141 natalis
1899 3087 1994 3141 SS.

428 3178 659 3240 Maximi,
693 3176 905 3229 Luciani
936 3183 989 3228 et
1016 3173 1297 3226 Marcialis.
1354 3176 1649 3229 Antiochia:
1699 3179 1876 3243 passio
1902 3178 1999 3232 Ro-

392 3302 395 3307 λ
431 3266 572 3319 mani
602 3263 845 3319 monachi
877 3272 929 3317 et
961 3262 1133 3316 Barali
1164 3263 1308 3330 pueri
1341 3303 1355 3326 ,
1386 3264 1479 3317 sed
1511 3276 1564 3317 et
1602 3262 1746 3319 Ysici
1775 3266 1999 3321 Palatini

428 3362 605 3414 militis
628 3362 713 3428 qui
749 3368 985 3424 tempore
1019 3356 1323 3413 Diocletiani
1370 3357 1709 3424 imperatoris
1762 3368 1814 3413 et
1845 3359 2002 3413 Maxi-

428 3451 589 3505 miani
622 3466 717 3520 pro
741 3448 936 3504 (31ηΜί
967 3448 1180 3503 nomine
1222 3449 1535 3515 interempti
1558 3458 1699 3504 sunt.
1727 3450 2000 3508 Romanus

426 3540 642 3610 quidem
668 3548 785 3606 post
814 3538 979 3592 multa
1004 3536 1206 3606 ﬂagella
1240 3545 1291 3591 et
1321 3537 1511 3606 lingua:
1535 3538 1917 3596 abSt-issionem
1950 3543 2002 3597 in

425 3645 644 3685 carcere
672 3638 754 3684 est
775 3639 988 3684 necatus
1014 3648 1026 3682 :
1057 3629 1271 3682 Baralus
1302 3645 1426 3683 vero
1451 3646 1581 3699 puer
1600 3634 1772 3702 capite
1794 3637 1997 3705 plexos;

431 3722 614 3779 Ysicus
638 3731 813 3776 autem
838 3720 1078 3789 alligatus
1109 3720 1265 3789 lapidi
1295 3720 1453 3776 fluvio
1480 3739 1707 3779 mersus.

499 3815 559 3864 (Σ.
592 3812 679 3876 V.,
715 3811 769 3865 In
803 3810 1080 3864 Antiochia
1104 3811 1128 3839 ⁸
1157 3812 1374 3865 llornani
1395 3813 1658 3877 monachi,
1682 3826 1731 3867 et
1760 3814 1811 3879 in
1832 3814 2002 3868 Cmsa-

424 3898 516 3937 rea
572 3882 796 3936 Victoris
850 3891 904 3935 et
956 3881 1214 3943 Maximis,
1262 3892 1314 3933 et
1356 3883 1614 3936 dedicatio
1645 3884 1876 3938 basilica:
1930 3886 1986 3937 S.

424 3953 568 4006 Petri
600 3952 846 4019 apostoli.
895 3951 976 4013 Β..
1046 3951 1097 4003 ltt
1134 3948 1413 4004 Antiochia
1443 3953 1656 4008 civitate
1685 3956 1859 4007 natale
1889 3956 1989 4010 SS.

2111 2538 2332 2591 Romani
2361 2546 2414 2591 et
2454 2538 2569 2593 lsici
2600 2547 2755 2593 mart.
2785 2538 2875 2605 D.,
2898 2538 3173 2594 Antiochia
3209 2540 3431 2596 Romani
3479 2560 3667 2597 mona-

2108 2608 2264 2682 eltiet
2296 2608 2561 2682 martyris.
2588 2607 2653 2682 Et
2698 2609 2906 2682 Hesycii
2939 2610 3157 2682 Palatini
3203 2622 3261 2682 et
3304 2615 3568 2682 martyris.
3598 2618 3667 2668 A.

2110 2679 2173 2731 Τ.
2206 2678 2290 2743 8.,
2350 2679 2546 2731 Eodem
2572 2680 2659 2733 die
2698 2680 2748 2731 in
2782 2678 3043 2746 Hispaniis
3069 2681 3301 2734 Cordula
3327 2678 3538 2736 civitate
3566 2700 3685 2746 pas-

2109 2748 2273 2820 sio_S.
2324 2749 2497 2820 Asclte
2530 2748 2639 2820 [D.,
2689 2748 2929 2820 Acisclze]
2974 2750 3188 2814 virginis
3218 2761 3270 2803 et
3316 2754 3575 2820 martyris.
3609 2754 3678 2807 Τ.

2111 2818 2259 2889 addit
2284 2835 2294 2869 :
2324 2818 2431 2871 llac
2458 2818 2549 2871 die
2575 2834 2710 2872 rosae
2743 2818 2935 2872 ibidem
2982 2820 3324 2889 colliguntur.
3359 2818 3677 2884 A.,llodem

2112 2888 2199 2941 die
2225 2887 2511 2961 Carm-race
2536 2888 2766 2961 elevatio
2790 2890 3034 2961 corporis
3061 2887 3134 2961 Si
3173 2890 3199 2928 ιι
3244 2890 3518 2953 Gauaerici
3560 2895 3681 2961 epi-

2105 2961 2273 3026 scopi,
2304 2958 2367 3011 A.
2395 2958 2455 3011 L.
2480 2999 2495 3022 ,
2530 2960 2596 3012 Et
2617 2958 2879 3027 depositio
2905 2962 2961 3013 5.
2996 2962 3017 2989 ο
3060 2960 3304 3015 Eusebia:
3345 2960 3592 3031 virginis.

2176 3068 2242 3124 i9
2290 3097 2362 3109 —-
2398 3068 2511 3124 Xlll
2550 3068 2682 3124 ΚΑΙ..
2724 3069 2887 3125 Vacat
2915 3069 3090 3126 Bantia.

2175 3186 2236 3259 D.
2268 3186 2448 3259 Romze
2497 3185 2521 3224 ἆ
2552 3186 2817 3259 Maximini
2866 3188 3165 3257 presbyteri
3213 3197 3268 3242 et
3318 3189 3591 3259 martyris,
3630 3197 3689 3245 et

2110 3255 2385 3330 ¢:Faustini
2415 3257 2623 3330 diaconi
2651 3266 2705 3330 et
2724 3255 3281 3330 Eusebiimartyrum.
3318 3261 3375 3312 Β.
3394 3303 3408 3324 ,
3433 3255 3683 3330 Augusﬁ-

2103 3326 2245 3379 duno
2273 3327 2535 3393 depositio
2577 3328 2633 3380 S.
2669 3327 2689 3395 ξ
2718 3328 2978 3392 Simplicii
3010 3326 3263 3395 episcopi.
3317 3331 3377 3384 Β.
3411 3330 3470 3383 V.
3500 3326 3588 3395 (3.,
3621 3332 3680 3386 In

2028 3398 2075 3459 C
2103 3397 2342 3451 Cassarea
2392 3393 2742 3463 Cappadocia:
2791 3398 3002 3450 Maximi
3025 3393 3054 3466 ,7
3086 3393 3342 3465 Meteiani,
3376 3393 3637 3466 Neapheri
3661 3443 3678 3466 ,

2106 3467 2341 3522 Januarii
2374 3467 2558 3520 Vitalis
2591 3466 2675 3537 [Β.
2704 3483 2806 3523 om.
2838 3465 3067 3591 Vitalisj:
3100 3474 3162 3521 Α.
3197 3470 3283 3532 Τ..
3313 3465 3553 3523 Caesarea
3584 3488 3680 3523 na-

2108 3540 2208 3590 tale
2232 3539 2323 3591 SS.
2355 3537 2612 3591 Januarii.
2645 3536 2910 3591 Neonheri
2934 3547 2986 3590 et
3066 3540 3226 3591 itals.
3274 3541 3359 3591 T.-
3393 3540 3677 3591 Castherii.

2108 3540 2208 3590 tale
2232 3539 2323 3592 SS.
2355 3536 2612 3597 Januarii,
2645 3536 2910 3605 Neopheri
2934 3547 2986 3590 et
3014 3536 3226 3593 Vitals.
3274 3541 3359 3603 'l‘.,
3393 3540 3677 3605 CaStherii,

2107 3608 2357 3661 Marciani
2383 3617 2436 3659 et
2463 3607 2712 3675 Zephori.
2747 3605 2831 3672 L.,
2868 3609 2922 3659 In
2952 3605 3193 3662 Caesarea
3227 3612 3397 3663 natale
3421 3612 3678 3675 Januarii,

2105 3677 2352 3741 Casterii,
2385 3677 2617 3746 Zephmi
2645 3687 2700 3731 et
2731 3677 2939 3732 Vitalis.
2985 3678 3054 3731 Et
3078 3680 3338 3748 depositio
3361 3682 3417 3735 5.
3452 3691 3477 3727 ε
3510 3682 3681 3735 Elisa-

2105 3748 2231 3801 belli
2257 3749 2449 3801 viduw.

2105 3749 2231 3802 belli
2257 3749 2449 3802 viduw.

2174 3861 2266 3917 20.
2298 3891 2365 3901 -
2404 3860 2495 3915 Xll
2523 3860 2661 3914 Kac.
2706 3859 2868 3912 Vacat
2897 3859 3071 3914 Baeda.

2172 3950 2259 4015 D.,
2288 3951 2469 4004 Romae
2496 3948 2523 3986 δ
2555 3949 2795 4004 Pontiani
2820 3963 2968 4019 papa:
3014 3959 3065 4004 et
3096 3952 3368 4021 martyris.
3420 3951 3682 4007 Messana

1803 4045 2008 4100 SMITII
2045 4043 2270 4099 NOTAE}.

501 4140 527 4168 ⁸
552 4134 793 4189 Romani.
816 4134 983 4190 Graeci
1008 4134 1216 4204 quidem
1240 4136 1290 4188 in
1315 4134 1513 4189 Menaeo
1533 4136 1665 4189 duos
1684 4134 2010 4201 distinguunt

426 4204 701 4276 Romanos
731 4217 1024 4276 martyres:
1078 4207 1301 4259 alterum
1333 4207 1418 4273 qui
1447 4205 1850 4276 abiAsclepiade
1875 4223 2006 4273 prte-

424 4277 566 4331 fecto
587 4274 977 4330 dantnatus'est
1019 4276 1315 4330 Antiochiae
1359 4277 1459 4330 sub
1509 4275 1741 4339 Galerio,
1779 4277 2003 4331 alterum

423 4346 705 4400 diaconum
737 4346 1142 4407 Cmsariensem.
1167 4347 1233 4400 de
1262 4361 1365 4412 quo
1402 4346 1682 4412 Eusebius,
1714 4347 1780 4400 de
1806 4347 2001 4416 Marty-

422 4417 572 4470 ribus
612 4416 925 4477 Palaestina,
950 4429 1069 4479 cap.
1099 4416 1156 4478 2,
1202 4416 1450 4479 loquitur,
1483 4431 1637 4484 quem
1662 4418 1760 4469 sub
1790 4416 1999 4470 Diocie-

420 4488 567 4540 tiano
608 4500 817 4554 passum
856 4500 978 4538 esse
1017 4486 1217 4539 dicunt.
1258 4485 1361 4537 Sed
1409 4502 1526 4537 cum
1572 4502 1676 4538 uno
1703 4488 1999 4555 eodemque

2116 4134 2329 4189 ximiani
2364 4134 2588 4188 diversis
2621 4135 2899 4188 tormentis
2926 4142 2980 4188 et
3002 4132 3207 4201 injuriis
3229 4133 3471 4201 affectus,
3503 4136 3683 4205 capite

2112 4220 2304 4267 CtthtIS,
2352 4208 2662 4274 martyrium
2701 4206 3111 4269 consummavit,
3163 4215 3212 4257 et
3251 4208 3449 4270 positus
3501 4219 3580 4259 est
3609 4210 3677 4260 ad

2108 4276 2164 4328 S.
2198 4276 2423 4329 Sixtum.
2471 4275 2704 4328 UaUAltD.
2760 4276 2868 4328 Sub
2912 4274 3194 4329 Maximino
3238 4290 3450 4342 passum
3494 4277 3682 4331 scribit

2107 4345 2253 4405 Adn,
2287 4346 2384 4396 sub
2418 4344 2693 4397 Valeriano
2723 4345 2997 4397 BarOuius.

2179 4427 2202 4451 θ
2248 4413 2499 4467 Faustini.
2534 4415 2625 4467 Vel
2656 4413 2857 4468 Fausti.
2892 4414 2984 4466 llic
3004 4422 3201 4465 tantum
3231 4414 3437 4468 litluc‘te
3470 4416 3673 4479 habuit,

2102 4495 2159 4537 nt
2190 4502 2306 4536 cum
2336 4485 2399 4537 ad
2425 4485 2757 4537 Christianus
2788 4485 2838 4536 itt
2870 4499 3081 4536 carcere
3112 4485 3355 4536 detentus
3385 4503 3539 4537 ιιι-ιιιο
3571 4502 3667 4538 au-

421 4557 509 4610 die
540 4545 724 4609 ambos
771 4569 888 4608 esse
921 4569 1102 4621 passos
1131 4595 1144 4616 .
1194 4559 1486 4622 eodemque
1516 4556 1756 4623 martyrii
1806 4545 1999 4622 genere
2026 4545 2077 4605 Β
2104 4557 2249 4609 deret
2284 4555 2557 4617 ac.edere.
2612 4554 2695 4607 isti
2726 4564 2899 4607 tamen
2954 4566 3005 4606 et
3036 4554 3262 4609 Eusebio
3309 4558 3527 4625 collega:
3575 4574 3677 4610 suo

423 4625 732 4695 perfunctos
765 4626 1047 4690 fateantur,
1078 4627 1195 4694 quis
1243 4641 1346 4678 non
1384 4625 1525 4678 videt
1554 4626 1745 4679 frustra
1782 4629 1847 4679 ah
1898 4628 2002 4681 illis

423 4697 672 4765 distingui
703 4696 837 4749 duos
870 4695 1158 4749 Romanos.
1194 4695 1353 4749 Miror
1378 4704 1554 4748 tamen
1606 4699 1739 4750 hanc
1788 4707 2002 4751 senten-

422 4768 550 4820 tiam
585 4767 843 4834 placuisse
875 4767 1121 4828 Daronio,
1153 4766 1203 4819 in
1245 4766 1391 4819 [\otis
1430 4766 1493 4817 ad
1546 4768 1999 4834 Martyrologium.

421 4836 578 4891 Certe
598 4838 641 4890 si
658 4836 766 4889 duo
787 4835 1025 4903 ejusdem
1050 4836 1276 4890 nominis
1295 4839 1439 4907 fuere
1470 4836 1689 4889 Romani
1716 4849 1928 4907 martyr:
1950 4853 1998 4903 s,

421 4918 474 4977 et
501 4908 544 4960 si
574 4907 733 4959 ambo
763 4907 948 4959 eodem
996 4907 1081 4959 die
1112 4906 1419 4977 martyrium
1474 4908 1611 4973 passi
1662 4916 1786 4959 sunt
1814 4909 2001 4961 Antio-

421 4976 574 5039 chite,
608 4992 702 5030 cur
732 4977 987 5031 Eusebius
1012 4977 1111 5030 hoc
1144 4976 1261 5029 loco
1290 4976 1440 5030 unius
1469 4977 1727 5030 duntaxat
1773 4980 1999 5030 mentio-

422 5061 544 5101 nem
595 5045 759 5100 fecit?
798 5046 904 5103 Sed
952 5054 1007 5101 et
1064 5046 1320 5101 Eusebius
1378 5046 1507 5100 alibi
1570 5062 1782 5114 quoque
1846 5048 2001 5115 hujus

423 5119 670 5186 martyris
697 5117 1016 5171 mentionem
1046 5118 1190 5180 fecit,
1224 5117 1275 5169 itt
1304 5118 1560 5180 secundo,
1589 5118 1831 5182 scilicet,
1864 5119 2000 5171 libro

422 5189 489 5241 de
516 5189 922 5241 ltrsurrectione
948 5196 1001 5240 et
1029 5188 1352 5239 Ascensione
1381 5187 1600 5251 Christi,
1657 5187 1745 5240 ubi
1774 5187 1997 5241 Romani

422 5260 734 5328 martyrium
797 5258 1062 5310 luculente
1109 5266 1161 5328 et
1218 5257 1448 5310 oratorie
1496 5257 1769 5321 describit,
1812 5266 1868 5311 et
1911 5257 1998 5311 ubi

419 5324 632 5396 quoque
656 5343 817 5381 unum
850 5329 1105 5380 duntaxat
1127 5324 1421 5380 Romanum
1470 5328 1709 5396 agnoscit
1738 5328 1825 5395 qui
1857 5344 1999 5382 mar-

421 5400 610 5468 tyrium
642 5400 940 5468 Antiochiae
964 5410 1150 5468 passus
1176 5406 1276 5449 est.

494 5466 521 5503 δ
563 5467 854 5539 Gaugerici.
883 5467 979 5521 llic
1003 5467 1136 5522 obiit
1166 5468 1226 5521 11
1254 5467 1495 5537 Augusti,
1518 5483 1675 5537 quem
1706 5468 1846 5523 diem
1876 5468 1998 5525 vide

418 5549 599 5602 supra.

494 5604 808 5676 “‘AEusebiw.
851 5607 1151 5670 Ferrarius,
1192 5606 1243 5659 in
1284 5606 1537 5676 Catalogo
1585 5624 1681 5663 suo
1724 5609 1993 5676 generali,

423 5673 634 5737 conjicit
667 5675 803 5729 hanc
834 5691 952 5729 esse
976 5677 1225 5730 eamdem
1254 5692 1374 5731 cum
1401 5673 1623 5732 Eusebia
1646 5680 1766 5734 abb.
1802 5673 1996 5734 ﬂama;

425 5740 611 5809 ticen.,
638 5744 702 5793 de
724 5757 824 5809 qua
852 5744 918 5797 l6
949 5746 1137 5798 Martii.

494 5809 524 5850 ιι
550 5808 837 5865 Maximini.
881 5814 983 5868 Seu
1009 5815 1246 5871 Maximi.
1279 5816 1378 5882 Qui
1409 5817 1460 5872 in
1487 5819 1854 5886 persecutione
1886 5820 1993 5876 Ma-

2107 4626 2261 4679 venia
2290 4639 2540 4677 concessa
2564 4635 2663 4689 est,
2701 4632 2758 4678 ut
2779 4626 2843 4676 ad
2869 4625 3201 4677 confessores
3245 4627 3676 4693 ingrederentur.

2104 4696 2162 4750 S.
2211 4696 2435 4749 Faustus
2484 4695 2667 4761 ple-nus
2712 4696 2919 4748 dierum
2971 4694 3070 4747 sub
3122 4694 3449 4749 Diocletiano
3499 4698 3678 4763 capite

2101 4780 2272 4819 cmsus
2302 4776 2402 4818 est.
2454 4766 2616 4817 l’s'rn.
2651 4781 2716 4819 ne
2749 4765 2955 4817 ΝΑτΑι.
3010 4763 3236 4817 Faustus
3282 4781 3406 4818 vero
3437 4768 3519 4819 hic
3549 4782 3680 4821 cott-

2104 4835 2245 4889 fundi
2275 4837 2484 4888 videtur
2510 4850 2629 4887 cum
2663 4835 2855 4888 Fausto
2887 4835 2978 4885 illo
3020 4834 3243 4888 diacono
3285 4837 3676 4901 Alexandrino,

2102 4907 2251 4973 cujus
2281 4908 2603 4958 mentionem
2648 4906 2769 4958 facit
2801 4904 3024 4966 Euseb.,
3056 4904 3105 4956 in
3138 4907 3293 4966 llist.,
3324 4920 3441 4969 vttt,
3475 4907 3563 4960 il.

2179 4974 2197 5013 ί
2241 4976 2514 5043 Simplicii.
2546 4976 2643 5039 Qui
2674 4985 2725 5026 et
2746 4989 2905 5040 supra
2933 4977 3142 5037 colitur,
3173 4976 3242 5028 ’ξι
3271 4976 3431 5028 Junii.

2171 5046 2196 5087 α
2236 5044 2517 5098 Elisabetlt.
2558 5044 2911 5098 Nobilissimis
2954 5045 3004 5097 in
3046 5044 3311 5114 Hnngaria
3364 5045 3680 5113 parentibus

2103 5114 2373 5184 prOgenita
2406 5124 2506 5176 est,
2564 5124 2711 5182 patre
2744 5118 2957 5167 Andrea
3005 5130 3158 5181 rege,
3192 5126 3359 5167 matre
3406 5114 3680 5167 Gertrude

2100 5187 2301 5253 regina;
2326 5198 2485 5251 nupta
2505 5185 2770 5238 Ludovico
2798 5185 2906 5255 filio
2931 5184 3174 5237 llermani
3198 5184 3500 5255 Thuringim
3526 5199 3577 5249 pi
3595 5186 3680 5238 irt-

2099 5256 2244 5324 cipi;
2276 5256 2413 5309 obiit
2454 5264 2628 5309 autent
2662 5254 2993 5324 annolQSi,
3041 5265 3094 5307 et
3121 5260 3325 5321 sepulta
3370 5254 3451 5307 est
3500 5256 3552 5307 in
3584 5270 3672 5307 ca.

2098 5323 2211 5380 stro
2242 5327 2518 5395 Margburg
2549 5323 2892 5378 Alctuannire.
2924 5323 3093 5377 Vitam
3128 5327 3283 5394 hujus
3310 5334 3507 5379 sancta:
3538 5330 3683 5379 satis

2100 5397 2362 5466 prolixam
2386 5396 2593 5457 Surius,
2626 5406 2754 5449 tom.
2793 5395 2877 5466 Vl,
2907 5396 3091 5449 edidit.

2168 5464 2200 5503 ιι
2243 5468 2503 5520 Pontiani.
2552 5466 2622 5519 De
2673 5466 2771 5518 hoc
2822 5464 2940 5518 vide
2986 5480 3167 5532 supra,
3203 5480 3256 5516 tv
3289 5464 3406 5517 Kal.
3449 5463 3684 5528 Octob.,

2097 5553 2203 5603 quo
2233 5537 2316 5590 die
2348 5538 2495 5591 obiit.
2530 5536 2697 5589 llodie
2726 5537 2782 5590 S.
2818 5534 3059 5587 l’otttiatti
3107 5536 3378 5599 sepultura
3423 5536 3683 5587 celebra-

2098 5617 2218 5673 tur;
2252 5607 2522 5661 Usnardus
2552 5622 2681 5659 vero
2730 5617 2781 5660 et
2816 5606 3069 5658 Bmonius
3118 5621 3234 5657 eant
3266 5606 3535 5658 celebrant
3584 5604 3687 5657 die

2136 5679 2460 5737 razcedente;
2513 5680 2605 5729 sed
2636 5678 2873 5742 sepultus
2902 5677 3095 5730 dicitur
3146 5675 3436 5727 Pontianus
3464 5690 3515 5726 tx
3549 5673 3682 5725 Kal.

2136 5692 2460 5737 razceaente;
2513 5692 2605 5729 seu
2636 5692 2873 5742 SBpUIlllS
2902 5692 3095 5730 (JlCIllll'
3146 5692 3436 5727 I'Onllallus
3464 5692 3515 5726 IX
3549 5692 3682 5725 nat.

2096 5692 2347 5801 Beccmb.
2379 5747 2430 5800 in
2461 5745 2710 5811 Catalogo
2750 5746 2917 5801 veteri
2967 5760 2996 5799 a
3024 5745 3390 5815 Papcbrochio
3438 5744 3587 5799 edito
3624 5744 3684 5799 iu

2096 5818 2241 5874 Actis
2268 5815 2393 5882 $5.,
2425 5825 2553 5872 lout.
2587 5817 2601 5869 Ι
2632 5815 2850 5886 Aprilis.
