4022 6200
455 344 594 405 I109

1570 347 1759 406 SECT.
1805 348 1867 403 ll.
1911 380 1980 390 —
2017 346 2587 404 MARTYROLOCIAZ

3586 348 3725 407 ιιιο

1700 443 1930 499 ΕῡΙΤΙΟ
1966 440 2439 498 COLONIENSIS.

447 540 503 593 In
549 536 852 591 Sardiniam
898 535 1228 607 deportatur,
1268 534 1445 605 ibique
1488 536 1712 591 fustibus
1752 547 2032 600 mactatus,
2066 539 2115 595 Α
2216 534 2275 587 D.
2322 533 2361 586 Χ
2404 532 2539 586 Κιι.
2584 531 2821 585 Dscsue.
2866 530 3051 586 Natale
3090 541 3297 585 sanctae
3324 529 3539 586 Cecilize
3566 533 3729 605 virgi-

446 628 768 698 rnartyrinm
794 625 1206 679 consummavit.
1229 625 1436 694 Corpus
1458 626 1574 696 ejus
1596 642 1621 677 a
1647 626 1879 679 Fabiano
1906 641 2035 694 papa

448 720 672 771 relatum
694 759 709 783 ,
743 726 903 784 atque
946 717 994 770 in
1044 717 1353 771 cmmetario
1381 715 1603 771 Callisti
1630 716 1901 783 sepultum
1932 726 2033 769 est.

447 809 598 863 Sedit
628 808 681 861 in
712 807 1022 875 episcopatu
1057 820 1225 859 annos
1264 821 1490 872 novem,
1538 820 1752 859 menses
1782 807 2036 873 quinque,

448 900 565 951 dies
592 898 749 950 duos.
801 897 949 962 Apuil
992 895 1227 949 Siciliam
1260 896 1527 949 civitatem
1572 895 1872 958 Mesanam,
1918 908 2040 947 sau-

448 1000 657 1041 ctorum
694 988 895 1055 Ampcli
940 996 995 1039 et
1024 986 1174 1055 Cagi.
1231 988 1384 1054 Apud
1427 986 1753 1038 tiabillonem
1795 985 2037 1040 Silvestri

452 1078 716 1146 episc0pi.
771 1076 825 1130 In
878 1076 1129 1131 lleraclea
1181 1078 1347 1138 Bassi,
1399 1076 1657 1145 Dionysii,
1708 1076 1940 1144 Agapiti,
1986 1086 2040 1129 et

446 1172 676 1223 aliorum
708 1167 1079 1235 quadraginta.

520 1260 582 1312 C.
626 1258 695 1313 XI
736 1258 870 1311 Κοιι..
920 1259 1156 1311 Decesse.
1206 1255 1391 1311 Natale
1439 1256 1578 1311 beati
1630 1255 1777 1321 Rufi,
1821 1255 1888 1309 de
1933 1269 2038 1323 quo

451 1350 641 1405 beatus
674 1350 868 1403 Paulus
898 1348 1174 1416 apostolus
1203 1347 1269 1400 ad
1308 1346 1576 1401 Romanos
1619 1346 1803 1400 scribit
1834 1365 1845 1399 :
1882 1345 2038 1401 Saluo

453 1452 558 1494 tate
608 1441 796 1511 Ilnfum
845 1444 1092 1505 eiectum,
1124 1449 1168 1491 et
1199 1448 1412 1491 matrem
1444 1442 1555 1507 ejus
1596 1447 1641 1490 et
1674 1453 1857 1489 nteant.
1908 1435 2036 1490 Item

454 1530 633 1584 natale
663 1529 835 1583 sancti
886 1529 1047 1581 Mauri
1083 1528 1351 1597 martyris,
1384 1527 1471 1595 qui
1522 1528 1588 1580 ab
1634 1524 1854 1579 infantia
1885 1524 2038 1579 Chri-

449 1622 655 1672 stianus
688 1620 819 1683 luit,
849 1619 1186 1671 orationibus
1214 1628 1265 1670 et
1307 1616 1525 1686 jejuniis
1556 1631 1784 1680 vacans;
1818 1618 1906 1685 qui
1939 1614 2038 1670 sub

452 1713 779 1768 Numeriano
821 1714 1144 1781 imperatore
1173 1721 1225 1765 et
1252 1711 1502 1766 Celerino
1532 1712 1784 1781 praefecto
1813 1713 2039 1768 diversis

453 1806 631 1874 pinnis
659 1814 991 1869 maceratus,
1029 1804 1129 1857 hoc
1159 1812 1241 1856 est
1261 1844 1275 1867 ,
1311 1806 1539 1870 primum
1571 1804 1795 1858 fustibus
1826 1802 2039 1857 nodosis

2144 625 2248 688 nis,
2287 623 2445 676 Marci
2511 622 2753 685 Aurelii,
2787 630 2840 675 et
2869 620 3147 674 Commodi
3182 624 3555 689 imperatorum
3589 632 3726 677 tem-

2144 712 2387 779 poribus,
2415 725 2533 781 quaa
2561 724 2815 779 sponsum
2846 722 2999 762 suum
3029 708 3399 775 Valerianum,
3426 720 3479 763 et
3508 709 3721 765 fratrem

2140 804 2255 872 ejus
2284 801 2603 866 Tiburtium,
2634 802 2699 856 ad
2729 800 3051 857 credendum
3080 799 3289 856 Cltrism
3323 801 3629 870 perdocuit,
3660 817 3723 857 ac

2140 897 2333 951 deinde
2360 896 2425 950 ad
2457 896 2771 966 martyrium
2818 894 3074 949 incitavit.
3116 893 3261 946 Hanc
3291 892 3599 946 Almachius
3630 909 3724 947 nr-

2143 991 2223 1043 bis
2250 988 2533 1059 praafeetus
2566 996 2683 1055 post
2725 987 3037 1057 martyrium
3068 999 3254 1041 eorum
3287 985 3453 1039 teneri
3481 984 3605 1037 fecit
3627 1025 3641 1044 ,
3675 996 3729 1036 ιιι

2142 1091 2198 1133 ιιι
2246 1078 2398 1132 thura
2445 1078 2777 1133 daemonibus
2824 1086 3068 1145 poneret,
3109 1075 3329 1142 impelli.
3380 1074 3727 1142 Apparitores

2141 1187 2267 1226 vero
2296 1173 2632 1227 attendentes
2659 1170 2905 1225 decorem
2935 1178 2989 1224 et
3020 1167 3355 1237 prudentiam
3385 1168 3518 1236 ejus,
3563 1181 3724 1234 roga-

2142 1269 2263 1323 bant
2292 1284 2409 1322 eam
2454 1282 2519 1322 ne
2550 1267 2655 1322 tale
2694 1266 2856 1321 decus
2893 1265 3181 1319 omitteret.
3227 1262 3296 1317 At
3325 1263 3411 1318 illa
3440 1263 3721 1318 consilium

2142 1358 2349 1428 pietatis
2374 1358 2451 1413 eis
2480 1357 2805 1412 sufficienter
2836 1354 3133 1420 insinuans,
3156 1369 3277 1409 cum
3304 1353 3369 1407 ad
3397 1352 3724 1410 credendum

2139 1453 2351 1508 Christo
2382 1460 2657 1523 permotos
2686 1459 2968 1516 cerneret,
3003 1450 3129 1504 dicit
3158 1450 3238 1505 eis
3270 1468 3283 1502 :
3316 1449 3390 1504 Ite
3410 1492 3423 1511 ,
3454 1450 3616 1505 dicite
3644 1452 3730 1504 in-

2143 1543 2279 1597 felici
2310 1542 2589 1597 Almacbio
2619 1541 2760 1611 quod
2792 1555 2891 1609 ego
2919 1539 3159 1595 inducias
3197 1548 3341 1609 peto,
3373 1550 3426 1594 et
3466 1540 3601 1594 intra
3631 1540 3728 1594 do-

2141 1652 2284 1690 mum
2316 1650 2489 1690 meam
2516 1635 2704 1689 faciam
2728 1635 2910 1689 venire
2931 1635 3018 1699 qui
3044 1648 3135 1687 vos
3156 1647 3343 1687 omnes
3368 1633 3489 1687 vitae
3511 1642 3727 1687 aeternae

2142 1724 2302 1779 faciat
2340 1726 2648 1795 participes.
2693 1724 2927 1779 Veniens
2968 1725 3128 1793 igitur
3167 1738 3299 1793 papa
3342 1722 3605 1788 Urbanus,
3637 1724 3731 1778 ba-

2143 1816 2362 1884 ptizavit
2393 1816 2668 1886 plusquam
2692 1815 3107 1883 quadringentos
3138 1815 3421 1883 promiscui
3446 1828 3606 1869 sexus
3634 1814 3730 1868 bo-

450 1911 645 1961 cmsus,
693 1895 886 1950 deinde
929 1895 1216 1965 plumbatis
1255 1898 1457 1960 iussum
1501 1904 1583 1949 est
1634 1896 1877 1950 maxillas
1924 1895 2038 1962 ejus
2071 1882 2119 1941 Β
2146 1882 2335 1962 mines,
2371 1882 2563 1961 ηδε-ιιιῇ
2592 1882 2900 1960 Α-ιιηξιειιῑυε
2931 1882 3432 1960 δεδιειῃνοωοίιίωη
3462 1904 3729 1973 sibi—pm.

445 1988 739 2053 contundi;
777 1997 957 2056 postea
989 1986 1040 2039 in
1069 1987 1299 2055 equuleo
1329 1985 1612 2054 suspendi,
1641 1996 1798 2053 atque
1826 1985 2039 2053 ungulis

451 2083 587 2146 radi,
618 2090 671 2135 et
703 2081 973 2149 lampades
1015 2079 1265 2134 ardentes
1314 2079 1571 2133 lateribus
1607 2080 1722 2147 ejus
1761 2078 2036 2147 applicari,

449 2174 514 2228 ad
545 2182 844 2227 extremum
875 2186 1004 2225 vero
1029 2180 1192 2240 caput
1223 2170 1337 2239 ejus
1376 2169 1663 2238 amputari.
1709 2169 1874 2238 Cujus
1914 2184 2033 2224 cor-

454 2279 554 2333 pus
583 2272 737 2317 nocte
765 2272 941 2317 nauta:
965 2261 1198 2316 Africani
1227 2268 1635 2330 COgnoscentes,
1659 2276 1727 2314 ex
1751 2275 1843 2313 sua
1870 2260 2037 2328 patria

444 2366 649 2418 ortum,
697 2362 1014 2422 rapuerunt,
1045 2362 1100 2408 et
1146 2352 1420 2407 volventes
1469 2367 1592 2406 eum
1642 2350 2038 2405 linteaminibus

450 2444 685 2510 mundis,
710 2458 832 2497 cum
864 2442 1193 2498 aromatibus
1225 2452 1517 2512 posuerunt
1546 2444 1597 2496 in
1629 2441 2036 2511 sarcophagum,

449 2537 891 2605 scripseruntque
932 2536 999 2589 ad
1042 2544 1201 2603 caput
1243 2535 1401 2605 ejus:
1436 2535 1530 2589 Dei
1576 2542 1629 2589 et
1669 2533 1865 2588 Christi
1909 2533 2035 2589 .lesu

449 2629 678 2681 famulus
708 2627 939 2691 Maurus,
973 2626 1077 2680 hoc
1104 2628 1358 2682 saeculum
1388 2641 1483 2695 pro
1510 2625 1710 2680 Christi
1741 2626 1845 2681 fide
1875 2625 2037 2680 relin-

449 2734 641 2787 quens.
675 2718 833 2772 vitam
864 2728 1117 2772 aeternam
1155 2718 1457 2787 acquisivit.
1505 2716 1783 2771 Celerinus
1808 2732 2038 2786 namque

455 2812 753 2877 praelectus,
788 2822 976 2865 nautas
1013 2811 1175 2879 jussit
1212 2812 1627 2880 comprehendi;
1661 2822 1713 2866 at
1741 2813 1814 2865 illi
1846 2827 2037 2868 omnes

454 2901 719 2970 fugerunt.
752 2900 897 2955 Tunc
924 2903 1082 2970 jussit
1106 2916 1319 2965 navem,
1351 2902 1403 2955 in
1432 2918 1531 2971 qua
1565 2905 1813 2974 martyris
1842 2918 2037 2973 corpus

453 3004 566 3044 erat
590 3032 606 3056 ,
638 2994 922 3049 sarmentis
950 2994 1191 3061 impleri,
1224 3004 1277 3047 et
1305 2994 1425 3062 igne
1449 2996 1747 3061 supposito,
1776 2995 1827 3048 in
1861 2996 2035 3050 medio

455 3082 589 3135 mari
632 3084 908 3148 comburi;
951 3084 1044 3138 sed
1090 3084 1418 3153 gubernante
1458 3085 1719 3150 Domino,
1747 3100 2033 3157 martyrem

452 3184 640 3235 suum,
670 3172 758 3226 ubi
791 3172 972 3239 voluit,
1002 3172 1067 3226 ad
1100 3186 1307 3242 portum
1338 3174 1525 3229 salutis
1556 3176 1822 3242 perduxit.

2140 1995 2339 2051 sentari
2369 1995 2545 2064 jussit.
2591 1997 2799 2050 Etcum
2830 1996 3241 2065 insnperabilem
3274 2011 3389 2051 eam
3437 1998 3486 2049 in
3517 1998 3726 2051 confes.

2140 2088 2289 2143 sione
2334 2086 2457 2142 fidei
2500 2102 2817 2155 permanere
2844 2086 3075 2153 videret,
3116 2086 3267 2155 jubet
3303 2095 3361 2140 ut
3404 2085 3468 2140 ad
3508 2085 3725 2142 domum

2140 2196 2290 2236 suam
2324 2179 2631 2245 duceretur,
2672 2186 2729 2234 et
2768 2178 2841 2233 ibi
2874 2178 3099 2233 ﬂammis
3137 2178 3473 2233 balnearibus
3503 2190 3726 2233 concre-

2144 2280 2403 2324 maretur.
2439 2267 2538 2323 Ubi
2568 2268 2771 2324 inclusa
2803 2267 2889 2324 die
2930 2269 3138 2338 integro
3174 2277 3228 2323 et
3270 2277 3445 2336 nocte,
3490 2269 3639 2336 quasi
3674 2270 3725 2322 in

2142 2360 2260 2415 loco
2301 2359 2491 2430 frigido
2522 2358 2726 2430 integra
2769 2359 3000 2429 perstitit
3048 2359 3293 2423 sanitate,
3342 2374 3463 2414 cum
3512 2375 3724 2425 semper

2140 2453 2386 2509 incendia
2430 2453 2585 2524 lignis
2632 2452 2901 2521 congestis
2950 2453 3400 2507 ministraren'nr.
3448 2452 3597 2520 Quod
3628 2467 3725 2506 au.

2140 2543 2295 2599 diens
2339 2544 2666 2606 Almacbius,
2717 2544 2862 2597 misit
2903 2544 2990 2612 qui
3036 2557 3151 2597 eam
3198 2543 3527 2598 decollaret:
3568 2559 3723 2608 quam

2140 2635 2429 2703 spiculator
2461 2633 2617 2687 tertio
2645 2633 2751 2686 ictu
2780 2633 3059 2700 percussit,
3090 2632 3183 2687 sed
3213 2643 3370 2697 caput
3394 2632 3508 2695 ejus
3536 2647 3721 2700 ampu-

2140 2732 2253 2776 tare
2282 2738 2385 2778 non
2417 2723 2621 2790 potuit,
2660 2722 2951 2791 supervixit
2976 2730 3156 2775 autem
3186 2720 3382 2777 triduo.
3414 2720 3564 2777 Tune
3592 2737 3719 2776 sai--

2140 2823 2256 2867 ctus
2286 2813 2531 2869 Urbanus
2572 2828 2764 2881 corpus
2804 2811 2920 2881 ejus
2966 2808 3216 2866 auferens
3263 2819 3438 2876 nocte,
3482 2812 3728 2880 sepelivit

2141 2920 2259 2958 eam
2291 2905 2429 2959 inter
2457 2905 2688 2971 collegas
2721 2919 2847 2958 suos
2878 2904 3178 2972 episcopos.
3234 2904 3361 2959 Item
3389 2918 3584 2958 sanctze
3618 2903 3724 2957 Mn-

2138 2998 2411 3051 derasmzc'
2426 2996 2663 3066 virginis.

2215 3091 2274 3144 E.
2320 3089 2387 3144 IX
2418 3089 2547 3145 ΚΔι..
2584 3090 2821 3145 Decesse.
2864 3089 3053 3144 Natale
3074 3088 3239 3143 sancti
3269 3088 3582 3141 Clementis.
3623 3086 3719 3141 IIiu

2141 3195 2360 3253 quartus
2391 3194 2509 3251 post
2540 3182 2753 3238 Petrum
2788 3184 2969 3237 Roma:
2999 3182 3281 3251 episcopus
3318 3178 3593 3235 ordinatus
3617 3190 3718 3234 est.

1705 3264 1935 3319 EDITIO
1979 3266 2481 3329 BOLLANDIANA.

450 3351 656 3430 Ampeti
685 3350 1093 3430 et‘Gaii._B.___V.
1126 3352 1214 3430 C._,
1247 3351 1307 3430 l_n_
1331 3350 1536 3430 Eraelia
1566 3352 1738 3430 Bassi,
1770 3355 2026 3430 Dionysii,
2060 3364 2104 3424 C
2140 3366 2374 3417 lumbaui
2406 3365 2632 3418 abbatis.
2667 3365 2731 3418 Τ.
2761 3365 2876 3428 eius
2905 3364 3132 3417 natalem
3166 3362 3338 3430 primo
3381 3363 3500 3417 loco
3528 3363 3712 3420 refert.

446 3418 677 3475 Orionis.
715 3421 774 3475 V.
804 3421 887 3485 C.,
914 3422 1235 3493 ln_llis_pania
1263 3422 1471 3475 Maximi
1499 3424 1811 3493 presbyteri.
1849 3418 2025 3489 ΜΤ..

452 3493 685 3561 Eraclea:
715 3494 885 3545 natale
933 3491 1032 3547 SS.
1066 3491 1214 3561 Gagii
1263 3501 1317 3544 et
1350 3492 1605 3559 Dionysii.
1655 3491 1745 3555 Τ..
1780 3494 1943 3547 Bassii
1973 3506 2029 3548 et

448 3560 685 3631 Classii,
716 3564 778 3614 Α.
816 3562 874 3615 L.
897 3601 911 3625 ,
940 3562 994 3615 In
1030 3560 1273 3626 Hispania
1323 3562 1585 3628 depositio
1633 3564 1688 3615 S.
1720 3573 1743 3598 ι
1774 3565 2027 3631 Crispini.

448 3631 537 3693 'I‘.,
569 3631 623 3683 In
666 3630 845 3685 Sicilia
896 3632 1070 3697 passio
1116 3632 1175 3685 S.
1208 3633 1456 3699 Ampelii.
1511 3631 1594 3698 Β..
1648 3633 1699 3684 In
1748 3630 2027 3687 Antiochia

447 3701 624 3771 natale
651 3700 746 3754 SS.
774 3701 948 3754 Basilii
982 3714 1033 3754 et
1056 3700 1309 3771 Dioiiysii.
1334 3701 1582 3755 Taurinis
1611 3702 1824 3757 civitate
1852 3706 2029 3759 natale

447 3769 548 3825 SS.
580 3770 607 3809 δ
639 3771 855 3833 Octavi,
887 3770 1149 3825 Solutoris
1178 3769 1233 3825 et
1260 3772 1600 3827 Adventoris.

515 3880 605 3936 2i.
636 3912 703 3922 --
736 3882 802 3936 Χι
836 3881 969 3937 Kac.
1004 3882 1172 3939 Vacat
1198 3883 1375 3939 Baeda.

520 3996 618 4048 D.:
652 3994 793 4059 Rufi,
826 4011 982 4061 quem
1028 3996 1316 4055 Apostolus
1363 3996 1426 4048 ad
1473 3994 1742 4049 Romanos
1788 3996 2028 4050 scribens

449 4076 471 4106 ε
504 4066 719 4118 salutat.
750 4066 811 4118 (ἶ.
850 4067 933 4129 V.,
969 4066 1020 4118 Ιιι
1052 4067 1333 4119 Antiochia
1370 4066 1553 4119 Basilei
1584 4077 1635 4119 et
1668 4067 1899 4128 Auxilii,
1929 4069 2026 4118 Sa-

447 4136 664 4198 turnini,
696 4134 891 4196 Carali,
930 4136 1156 4203 Eutycii.
1209 4136 1293 4199 Β..
1327 4136 1377 4188 In
1410 4136 1685 4189 Antiochia
1721 4138 1893 4189 natale
1921 4138 2019 4190 SS.

446 4205 664 4276 Dasilei,
700 4205 869 4258 Auxili
902 4204 1020 4275 ιν..
1053 4204 1262 4276 Auxii],
1299 4206 1539 4259 Matrnni.
1598 4208 1659 4258 Ιεῖι
1684 4206 1805 4276 alibi
1853 4208 2026 4260 natale

445 4274 544 4329 SS.
578 4275 829 4327 Demetrii
856 4317 868 4337 ,
898 4274 1189 4341 Quintiani,
1216 4274 1479 4330 ‘Sisinnii.
1534 4282 1596 4328 A.
1628 4278 1690 4330 'I‘.
1719 4275 1804 4340 L.,
1838 4278 2023 4329 Antio-

443 4345 583 4397 ehite
611 4344 785 4397 natale
810 4358 1111 4398 sanctorum
1143 4346 1330 4399 Uasilei
1356 4357 1407 4397 et
1427 4346 1715 4398 Saturnini.
1750 4348 1801 4398 In
1830 4346 2021 4400 llistria

442 4414 657 4470 civitate
691 4416 863 4471 natale
894 4418 949 4472 8.
983 4415 1011 4454 (ι
1044 4415 1209 4469 Mauri
1244 4416 1509 4485 martyris.
1544 4415 1635 4481 L.,
1670 4417 1733 4469 Et
1756 4417 1815 4470 8.
1848 4420 1871 4447 ε
1912 4419 2020 4469 Co-

2138 3435 2297 3489 Addit
2329 3433 2386 3488 L.
2418 3453 2428 3487 :
2466 3434 2593 3488 Item
2626 3434 2973 3489 Prmsentatio
3002 3434 3167 3487 beata:
3194 3433 3374 3488 Mariae
3406 3434 3643 3501 viiginis.

2205 3522 2294 3575 22.
2326 3553 2392 3563 -
2424 3522 2465 3575 Χ
2490 3522 2625 3575 ΚΜ..
2658 3523 2839 3576 Natale
2867 3523 2921 3576 8.
2954 3519 2971 3558 ί
3003 3522 3215 3574 Cecilia:
3253 3521 3471 3590 virginis
3516 3535 3635 3587 quae
3663 3532 3710 3573 et

2137 3627 2387 3682 sponsum
2415 3628 2567 3665 suum
2595 3612 2930 3666 Valerianum
2960 3621 3013 3664 et
3036 3612 3249 3665 fratrem
3274 3611 3387 3679 ejus
3408 3611 3705 3665 Tiburtium

2137 3703 2202 3756 ad
2230 3702 2552 3757 credendum
2599 3700 2817 3757 Christo
2862 3717 2923 3757 ac
2954 3704 3262 3773 martyrium
3316 3701 3628 3770 perdocuit;
3659 3712 3715 3757 et

2139 3793 2250 3861 ipsa
2281 3793 2471 3848 deinde
2522 3796 2905 3863 martyrizavit,
2958 3796 3133 3863 ignem
3178 3796 3393 3863 quidem
3434 3810 3715 3863 superans,

2136 3885 2229 3938 sed
2263 3883 2405 3936 ferro
2432 3884 2605 3937 occisa
2634 3884 2730 3937 sub
2758 3884 3031 3937 Almacbio
3076 3884 3228 3939 Urbis
3260 3882 3530 3953 prchecto.

2208 3977 2271 4028 A.
2306 3972 2392 4036 'I‘.,
2428 3974 2742 4027 Alexandria
2778 3975 2952 4027 natale
2980 3976 3074 4030 88.
3114 3975 3365 4027 θυινθυἰί
3413 3983 3467 4028 et
3498 3974 3707 4029 Felicis.

2135 4044 2437 4114 Snessionis
2483 4044 2745 4105 depositio
2788 4045 2845 4098 S.
2875 4044 3185 4099 Medresiua:
3236 4044 3475 4114 virginis.
3530 4044 3622 4111 8.,
3658 4044 3711 4097 In

2132 4112 2465 4179 Cappadocia
2527 4114 2626 4169 SS.
2660 4114 2898 4183 Longini,
2932 4114 3137 4169 Leontii
3183 4128 3234 4168 et
3277 4112 3481 4169 Fausti.
3526 4116 3587 4169 C.
3627 4115 3711 4180 V.,

2135 4183 2365 4237 Maximi.
2396 4186 2508 4247 8.,3
2540 4185 2760 4252 Longini
2793 4185 2881 4253 qui
2910 4185 3049 4240 latus
3102 4185 3310 4239 Domini
3359 4186 3542 4239 lancea
3584 4200 3713 4254 ape—

2136 4265 2261 4324 rut.
2314 4255 2413 4308 Ms.
2443 4255 2701 4309 Lazticnse
2754 4254 2836 4307 hic
2882 4257 3039 4308 habet
3081 4256 3309 4324 elogium
3363 4255 3618 4320 prolixius
3642 4271 3709 4310 ex

2135 4323 2316 4388 Floro,
2340 4326 2479 4394 quod
2512 4326 2630 4379 vide
2662 4324 2793 4377 infra
2820 4341 2869 4379 tv
2898 4325 3073 4381 Nonas
3098 4323 3424 4379 DeCembris.

2198 4414 2292 4472 25.
2323 4445 2380 4455 --
2423 4415 2492 4469 ΙΧ
2524 4413 2659 4470 Kac.
2692 4414 2873 4470 Romae
2920 4416 3092 4471 natale
3137 4414 3197 4471 S.
3220 4414 3247 4453 δ
3277 4415 3564 4471 Clementis
3592 4419 3716 4485 epi-

1829 4506 2032 4560 SMI'I‘II
2076 4504 2301 4559 NO'I'.‘E.

517 4598 541 4625 "
582 4594 826 4658 Crispini.
870 4595 963 4648 llic
989 4603 1043 4648 et
1076 4594 1331 4647 Maximus
1369 4593 1558 4649 eodem
1590 4604 1830 4665 tempore
1881 4596 2019 4665 passi
2055 4597 2104 4653 D
2131 4595 2336 4649 abbatis
2365 4595 2625 4663 discipuli.
2656 4595 2754 4663 Qui
2787 4605 3064 4664 postquam
3110 4596 3161 4649 in
3196 4593 3513 4647 Britanniam
3549 4595 3699 4665 traji-

441 4676 565 4721 sunt
592 4666 736 4729 juxta
771 4666 983 4719 Ilierou.
1017 4665 1168 4718 Mart.

517 4736 541 4773 ιι
581 4734 775 4788 Οειαή.
810 4735 882 4789 De
918 4735 1134 4789 Octavio
1164 4744 1217 4788 et
1239 4735 1397 4788 sociis
1418 4746 1497 4788 cst
1523 4749 1699 4789 sermo
1729 4735 2022 4803 Ambrosii,

442 4814 533 4860 aut
563 4806 619 4860 S.
654 4806 864 4859 Maximi
894 4806 1126 4872 episc0pi
1156 4804 1522 4858 Tanrinensis.

516 4884 539 4912 ε
582 4875 812 4929 Salutat.
846 4876 1031 4942 Capite
1059 4889 1141 4927 xw
1173 4875 1233 4926 ad
1266 4874 1419 4928 Rom.
1460 4875 1611 4929 Ilunc
1640 4886 1874 4930 creatum
1906 4892 2025 4930 esse

439 4945 750 5015 episcopum
782 4944 1095 5015 Thebanum
1124 4944 1282 4996 tradit
1313 4945 1608 5015 Dorotliens
1653 4947 1702 4997 in
1730 4946 1978 5015 Synepsi.

509 5014 535 5053 ἀ
560 5014 753 5068 Mauri.
784 5015 878 5069 llic
906 5031 971 5069 ex
1001 5014 1211 5067 civitate
1237 5014 1463 5067 Castella
1499 5014 1784 5078 provinciai
1832 5018 2019 5068 Attia:

438 5086 717 5146 oriundus,
751 5099 870 5138 cum
902 5094 1042 5138 esset
1069 5098 1325 5136 annorum
1350 5099 1461 5145 vtn,
1495 5086 1713 5139 Romam
1750 5086 2019 5150 profectus

439 5167 543 5219 est,
575 5156 659 5207 ubi
687 5156 836 5222 jussu
864 5154 1094 5209 Celerini
1127 5154 1360 5218 praafecti
1407 5155 1507 5207 sub
1538 5155 1857 5208 Numeriano
1888 5159 2013 5220 imp.

439 5222 665 5277 fustibus
695 5225 935 5285 Cal’dlllll’,
968 5223 1252 5292 plumbatis
1299 5226 1663 5290 contunditur,
1712 5229 1760 5277 in
1794 5227 2017 5291 equuleo

438 5296 799 5362 suspenditur,
854 5297 1063 5365 ungulis
1140 5292 1327 5365 ferreis
1379 5294 1669 5365 laceratur,
1727 5296 2015 5347 novissimi:

436 5364 617 5432 gladio
647 5367 819 5423 capite
847 5363 1133 5418 truncatur.
1171 5363 1352 5416 Name:
1382 5365 1593 5432 quidam
1626 5364 1741 5431 ejus
1769 5368 2014 5419 συιιρίιυε

438 5449 633 5501 corpus
652 5436 716 5486 ad
739 5436 882 5489 littus
908 5436 1199 5489 Parenttnm
1228 5436 1458 5487 civitatis
1489 5434 1776 5501 provincia
1808 5434 2016 5487 Histriae

438 5504 725 5568 deducunt,
760 5506 847 5557 ubi
879 5506 920 5557 is
952 5519 1138 5573 magna
1170 5505 1479 5558 celebritate
1508 5505 1580 5557 nti
1611 5514 1889 5573 patronus,
1923 5508 2018 5557 Ec-

436 5574 720 5695 gesiieque
763 5576 1003 5629 tutelaris
1047 5576 1241 5627 colitur
1292 5574 1390 5627 hac
1435 5575 1547 5643 ipsa
1593 5577 1700 5629 die.
1754 5575 1919 5630 Ρετιι.
1953 5592 2016 5629 ne

485 5660 643 5695 ATAL.

485 5660 643 5697 ΑτΛι..

513 5718 538 5747 ⁸
576 5713 893 5769 Columbani.
929 5712 1097 5770 Gente
1142 5712 1379 5776 Hiberni,
1434 5714 1603 5784 patria
1654 5715 2014 5784 Lageniensis,

435 5782 671 5853 Congalli
705 5785 1089 5840 Banchorensis
1117 5784 1343 5840 etnnobii
1398 5782 1450 5839 in
1480 5782 1749 5842 Orientuli
1771 5786 2018 5841 Ilibernia

2131 4668 2275 4718 ciens
2307 4668 2374 4719 ibi
2402 4667 2699 4730 aliquandiu
2728 4663 3085 4719 commoratus
3129 4675 3296 4725 esset,
3326 4680 3466 4719 anno
3495 4663 3703 4723 589.}n

2134 4735 2483 4801 Burgundiam
2512 4752 2570 4789 se
2598 4738 2837 4795 contulit,
2890 4736 2977 4787 ubi
3020 4736 3321 4787 cirnobinm
3372 4736 3707 4789 Luxmiouso

2132 4807 2303 4872 posuit
2332 4816 2383 4858 et
2409 4806 2738 4873 gubernavit.
2794 4806 2849 4857 Ei
2881 4815 3154 4872 postquam
3201 4821 3368 4857 nonas
3420 4804 3587 4859 ferme
3623 4811 3701 4857 vi-

2127 4876 2256 4942 ginti
2290 4876 2585 4942 praifuisset
2609 4891 2637 4927 a
2668 4876 2998 4929 Theodurico
3026 4876 3415 4928 Austrasiornui
3459 4892 3603 4945 rege,
3636 4891 3703 4930 eo

2128 4945 2267 5011 quod
2297 4956 2477 5012 stupra
2506 4946 2619 5013 ejus
2641 4946 2799 4999 solito
2828 4945 3043 4999 liberius
3064 4946 3493 5011 reprehenderet,
3528 4952 3577 4998 in
3605 4961 3704 5001 ex-

2127 5018 2299 5085 silium
2328 5026 2476 5069 actus
2504 5027 2603 5069 est.
2658 5018 2934 5085 Peragrata
2984 5017 3141 5079 igitur
3169 5016 3409 5069 universa
3442 5014 3609 5069 Gallia
3654 5017 3707 5069 in

2130 5084 2325 5137 Italiam
2355 5100 2413 5140 se
2443 5088 2660 5151 recepit,
2694 5087 2777 5138 ubi
2802 5084 2885 5139 fab
2916 5085 3195 5155 Agilnlpbo
3230 5084 3540 5153 Longobard
3568 5102 3703 5140 .rurn

2127 5170 2250 5219 rege
2300 5157 2469 5207 locum
2522 5167 2878 5222 opportunum
2935 5168 3118 5209 nactus
3166 5156 3543 5208 monasterium
3601 5156 3699 5207 llo-

2129 5224 2308 5279 biunse
2354 5241 2516 5292 prope
2543 5228 2812 5293 Neapolim
2858 5228 3171 5279 construxit.
3214 5226 3377 5279 Jan:is
3410 5226 3703 5279 monachus

2128 5294 2401 5349 Bobiensia
2446 5295 2562 5363 ejus
2593 5295 2759 5348 Vitam
2812 5297 3044 5365 scripsi',
3076 5312 3193 5365 quas
3223 5306 3397 5348 exstat
3426 5296 3561 5361 apud
3595 5293 3704 5347 illa-

2126 5364 2334 5429 billon.,
2376 5380 2496 5418 saec.
2544 5380 2579 5419 ιι
2620 5369 2735 5419 Act.
2772 5366 2898 5420 Ben.
2936 5364 3066 5420 Vide
3098 5364 3275 5419 etiam
3320 5379 3513 5432 supra,
3571 5364 3703 5418 IIiaI.

2126 5436 2293 5496 [Ci-cl"
2328 5452 2380 5496 ιι,
2418 5436 2467 5488 τί.

2201 5510 2218 5549 f
2253 5504 2489 5559 Caritiw.
2527 5505 2705 5559 Passa:
2736 5505 2834 5558 sub
2867 5506 3167 5559 Alexandro
3218 5504 3327 5571 imp
3364 5514 3564 5568 ratore,
3599 5522 3703 5559 non

2121 5576 2219 5628 sub
2262 5575 2571 5646 Commoda,
2605 5586 2662 5627 ut
2693 5576 2960 5629 Usuardus
2989 5587 3043 5629 et
3070 5578 3181 5646 Ailo
3210 5586 3477 5640 asseinnt,
3505 5587 3707 5646 marty-

2125 5647 2203 5699 rio
2233 5645 2372 5698 eniin
2405 5655 2654 5698 coronata
2684 5656 2765 5699 est
2808 5656 3047 5713 tempore
3086 5645 3279 5700 Utbmi
3315 5660 3492 5711 papas.

2199 5718 2223 5787 ξ
2255 5714 2507 5787 Longini.
2528 5715 2701 5787 Hicget
2731 5730 2885 5783 Supra
2914 5717 3127 5787 colitur,
3160 5715 3236 5787 157
3260 5716 3455 5771 Martii.

2200 5776 2221 5814 ¹³
2268 5776 2558 5841 Clementis.
2608 5776 2959 5857 Chronologia
3008 5776 3361 5844 successionis
3410 5787 3699 5857 primorum
