4054 6190
391 314 522 368 Illi

1136 309 1338 364 BEDE
1382 307 1835 365 VENERABILIS
1872 306 2024 361 OPP.
2066 304 2239 360 PARS
2281 304 2367 358 Ν.
2410 332 2477 343 -—
2521 298 2902 356 lliSTORlC.\.-

3503 293 3643 349 illi

1618 419 1848 477 EDITlO
1886 415 2360 474 COLONIENSIS.

388 520 488 574 llic
530 527 729 587 septem
776 518 1021 587 regiones
1064 515 1244 570 divisit
1292 514 1513 569 notariis
1561 512 1828 576 ﬁdelibus,
1877 512 1965 580 qui
1998 518 2044 576 Α
2072 524 2370 566 marmoreo
2402 507 2623 576 templo,
2655 514 2709 559 et
2736 502 3020 558 anchoram
3054 501 3240 570 juxta,
3275 500 3469 569 talique
3497 514 3640 553 mar-

388 619 536 677 gesta
571 617 860 678 martyrum
910 607 1135 662 sollicite
1181 605 1563 674 perquirerent.
1599 602 1692 655 Hic
1722 618 1785 655 ex
1829 617 1963 670 pra?-

390 711 546 768 ceplo
598 699 735 753 beati
789 700 910 752 Petr
947 739 961 763 ,
997 694 1249 750 Ecclesia:
1299 694 1535 763 suscepit
1580 691 1963 761 pontificatum.

392 789 559 845 Linus
585 801 636 844 et
666 790 844 844 Clettts
883 788 1001 841 ideo
1031 796 1155 841 ante
1198 801 1320 840 eum
1364 785 1696 847 scribuntur,
1738 784 1861 850 quia
1901 783 1967 836 ab

393 884 509 949 ipso
538 882 772 951 principe
793 880 1153 949 apostolorum
1179 879 1241 931 ad
1266 878 1616 932 ministerium
1640 876 1969 931 sacerdotale

394 975 631 1043 episcopi
661 984 784 1029 sunt
810 973 1059 1026 ordinati.
1101 970 1202 1037 Qui
1242 971 1465 1040 jubente
1493 968 1746 1036 Trajano,
1776 968 1970 1021 missus

393 1074 479 1121 est
524 1066 576 1119 in
622 1064 872 1120 exsilium
915 1074 1061 1117 trans
1088 1063 1312 1117 Pontum
1349 1075 1514 1126 mare,
1557 1061 1608 1114 in
1637 1074 1836 1123 eremo,
1883 1058 1969 1111 ubi

398 1158 577 1213 multis
606 1158 669 1210 ad
714 1157 868 1210 ﬁdem
913 1157 1114 1211 vocatis
1153 1171 1248 1223 per
1289 1154 1541 1209 miracula
1582 1162 1635 1207 et
1676 1152 1969 1206 doctrinam

395 1250 532 1317 ejus,
563 1249 921 1318 pracipitatus
951 1257 1031 1301 est
1058 1248 1109 1301 in
1142 1262 1318 1313 mare,
1354 1246 1510 1313 ligata
1542 1244 1605 1298 ad
1636 1244 1827 1297 collum
1856 1243 1972 1311 ejus

400 1342 673 1407 anchora;
717 1341 809 1395 sed
842 1340 1066 1394 recessit
1096 1353 1241 1391 mare
1271 1337 1547 1392 orantibus
1575 1334 1848 1403 discipulis
1879 1347 1973 1401 per

401 1432 503 1486 tria
534 1434 718 1500 millia,
746 1442 799 1485 et
846 1432 1160 1485 invenerunt
1202 1443 1396 1496 corpus
1438 1428 1487 1479 itt
1536 1441 1659 1479 arca
1702 1439 1880 1485 saxea,
1928 1422 1977 1475 in

2073 602 2211 672 tyrio
2243 600 2382 655 Petri
2419 597 2709 664 discipulus
2751 601 3052 649 coronatur.
3088 591 3218 647 Item
3247 592 3418 646 natale
3448 600 3649 645 sanctae

2078 690 2365 746 Felicitatis
2414 690 2598 742 matris
2643 693 2847 754 septem
2895 684 3121 736 ﬁliorum
3168 689 3480 751 martyrum,
3529 697 3649 749 quae

2070 783 2289 851 jubente
2316 779 2588 834 Antonino
2615 775 2875 831 decollata
2903 783 2985 828 est
3014 788 3108 841 pro
3130 771 3365 826 Christo.
3394 770 3448 823 ln
3479 770 3646 835 ltalia,

2078 872 2400 926 monasterio
2432 868 2621 932 Bobio,
2654 865 2920 935 depositio
2948 864 3117 918 sancti
3146 862 3457 917 Columbani
3485 862 3651 915 abba-

2080 964 2167 1027 tis,
2195 962 2283 1029 qui
2324 960 2608 1015 multorum
2640 958 2999 1012 emnobiorum
3028 954 3295 1019 fundator,
3327 963 3377 1007 et
3406 955 3651 1008 innume-

2080 1051 2321 1106 rabilium
2355 1059 2502 1118 pater
2530 1047 2735 1102 exstitit
2776 1046 3157 1100 monachorum
3180 1086 3195 1110 ,
3230 1042 3513 1110 multisque
3545 1043 3652 1094 vir-

2081 1144 2279 1198 tutibus
2310 1140 2486 1195 clarus
2514 1140 2717 1206 quievit
2759 1137 2810 1191 in
2852 1143 3126 1191 senectute
3164 1133 3323 1188 bona.
3372 1133 3439 1187 Et
3479 1130 3656 1187 sancti

2083 1235 2345 1291 Drudonis
2373 1231 2714 1286 confessoris.

2152 1328 2213 1383 F.
2256 1327 2365 1380 Vlll
2407 1325 2539 1379 ΚΜ..
2585 1324 2820 1377 Densus.
2867 1317 3051 1373 Natale
3100 1317 3265 1371 sancti
3314 1315 3497 1383 lgnatii
3544 1315 3660 1382 cpi-

2088 1419 2231 1485 scopi
2263 1428 2315 1471 et
2346 1416 2618 1487 martytis,
2641 1414 2728 1483 qui
2759 1410 2946 1466 tertius
2978 1418 3097 1477 post
3125 1410 3332 1463 Petram
3358 1408 3660 1477 apostolum

1635 1513 1861 1568 EDITIO
1904 1508 2412 1566 BOLLANDSANA.

402 1609 572 1679 scopi,
626 1608 714 1677 qui
760 1606 980 1677 jubente
1013 1606 1244 1676 Trajatto
1294 1606 1488 1658 missus
1517 1613 1601 1658 est
1650 1603 1702 1656 in
1733 1603 1980 1657 exsilium
2017 1606 2058 1663 Β
2087 1599 2262 1653 Fateri
2294 1594 2607 1666 presbyteri.
2664 1592 2732 1647 Et
2762 1591 2886 1647 alibi
2917 1589 2972 1646 S.
3005 1588 3271 1644 Trndonis
3310 1590 3659 1645 confessmis.

404 1714 553 1753 trans
580 1697 806 1752 Pontum
839 1698 1021 1749 maris.
1058 1696 1153 1751 Ubi
1188 1697 1364 1750 multis
1392 1696 1455 1748 ad
1481 1695 1636 1748 ﬁdem
1662 1695 1859 1748 vocalis
1891 1706 1984 1762 per

406 1788 659 1844 miracula
684 1798 735 1842 et
753 1788 1050 1841 doctrinam
1076 1788 1211 1858 ejus,
1241 1787 1601 1854 praecipitatus
1626 1798 1708 1840 eSt
1735 1786 1788 1839 in
1812 1800 1981 1848 mare,

404 1881 613 1948 alligata
646 1878 710 1931 ad
739 1879 935 1932 collum
969 1879 1082 1947 ejus
1122 1879 1377 1932 anchora.
1432 1878 1536 1933 Sed
1568 1878 1790 1932 recessit
1838 1892 1984 1933 mare

405 1969 681 2024 orantibus
708 1969 981 2037 discipulis
1026 1970 1141 2036 ejus
1173 1985 1265 2037 per
1303 1971 1401 2023 tria
1454 1970 1638 2032 millia,
1685 1980 1737 2023 et
1768 1969 1981 2022 iuvene-

407 2070 530 2115 runt
552 2076 747 2131 corpus
776 2060 893 2132 ejus
921 2063 972 2116 in
1002 2078 1123 2113 arca
1148 2077 1306 2115 saxea
1344 2064 1395 2115 in
1427 2064 1625 2131 templo
1652 2076 1972 2124 marmoreo,

352 2206 354 2208 ,
405 2164 458 2208 et
484 2154 769 2207 anchoram
796 2154 965 2222 juxta.
1004 2154 1201 2207 Eodem
1233 2154 1319 2208 die
1350 2155 1406 2209 S.
1445 2155 1729 2210 Felicitatis
1751 2196 1766 2220 ,
1794 2155 1981 2209 matris

406 2254 611 2311 septem
660 2244 888 2299 ﬁliorum
936 2258 1250 2316 martyrum,
1300 2247 1668 2316 quzejuhente
1713 2247 1982 2303 Antonino

407 2336 667 2391 decollata
694 2348 775 2392 est
805 2354 900 2407 pro
925 2338 1157 2391 Christo.

480 2428 669 2482 Florus
717 2429 766 2482 in
798 2432 861 2482 A.
893 2430 955 2483 Τ.
990 2430 1082 2497 l..,
1133 2430 1253 2499 Ipso
1303 2431 1389 2487 die
1437 2433 1489 2487 in
1518 2447 1651 2503 pago
1700 2433 1981 2490 llasbanizn

407 2519 667 2587 depositio
697 2521 754 2575 8.
788 2522 811 2549 ⁸
842 2522 1103 2577 Trndonis
1125 2523 1466 2589 confessoris,
1488 2527 1575 2595 qui
1609 2528 1859 2580 mundum
1891 2529 1983 2583 dc-

407 2611 639 2677 Spiciens
667 2612 913 2665 maximis
934 2613 1124 2666 enituit
1152 2612 1453 2670 virtutibus.

477 2701 563 2762 ι...
614 2701 681 2755 Et
721 2704 778 2756 8.
810 2700 845 2740 δ
869 2701 1133 2757 Severini.
1170 2703 1234 2758 V.
1267 2704 1352 2767 (3.,
1380 2706 1575 2758 Eodem
1608 2707 1693 2758 die
1724 2707 1895 2759 natale
1930 2707 1987 2763 8.

419 2782 441 2807 ε
494 2771 802 2823 Columbani
856 2775 905 2823 in
940 2773 1122 2825 Dubio.
1158 2774 1250 2837 B.,
1282 2773 1336 2825 in
1368 2775 1509 2826 Italia
1541 2779 1862 2829 monasterio
1893 2778 1988 2829 Bo-

415 2840 508 2895 bio
548 2840 812 2909 depositio
864 2843 919 2897 8.
945 2841 1276 2896 Columbani.
1330 2844 1575 2898 Bituricae
1629 2848 1840 2900 civitate
1867 2846 1923 2901 S.
1961 2854 1986 2893 d

2153 1711 2244 1765 24.
2275 1738 2345 1762 σμ-
2386 1708 2497 1763 V‘tll
2526 1706 2660 1761 ΚΑι..
2712 1706 2896 1759 Romae
2948 1704 3121 1757 natale
3170 1702 3228 1758 S.
3270 1714 3293 1741 ε
3323 1701 3663 1770 Chrysogoni

2081 1804 2170 1872 qui
2202 1804 2302 1858 sub
2332 1801 2660 1856 Diocletiano
2704 1796 3022 1859 decollatus,
3070 1796 3379 1865 martyrium
3424 1796 3664 1865 comple-

2084 1897 2178 1948 vit.
2207 1894 2473 1960 Scriptum
2504 1888 2556 1943 in
2587 1888 2843 1942 Passione
2871 1887 2929 1942 S.
2966 1889 2985 1928 ί
3020 1884 3340 1940 Αιιειειίιςὶω.

2152 2006 2269 2073 Ipso
2289 2003 2376 2058 die
2403 1999 2576 2055 natale
2599 1999 2656 2055 8.
2678 1992 3055 2061 Crescentiani,
3088 1995 3173 2062 qui
3204 2003 3316 2048 erat
3342 2009 3465 2047 cum
3496 2002 3520 2040 ε
3542 1993 3662 2047 C12.

2085 2112 2242 2152 sareo
2272 2090 2652 2168 [V.,Cyriaco]
2682 2090 2905 2144 diacono
2928 2097 2981 2142 et
3011 2086 3182 2157 Largo
3208 2100 3259 2141 et
3282 2086 3576 2157 Smaragdo
3607 2087 3663 2143 iu

2089 2202 2302 2244 carcere
2330 2187 2430 2240 sub
2457 2183 2824 2255 persecutione
2860 2179 3192 2246 Maximiani,
3239 2178 3328 2233 ﬁlii
3356 2179 3661 2233 Maximini:

2091 2288 2146 2334 et
2171 2280 2391 2333 eductus
2414 2276 2632 2344 jubente
2660 2270 2917 2340 Carpasio
2938 2269 3139 2324 vicario
3188 2268 3254 2322 de
3283 2283 3519 2330 carcere,
3546 2283 3667 2323 sus-

2088 2385 2289 2442 pensus
2318 2378 2401 2425 est
2432 2369 2483 2423 in
2514 2367 2824 2436 equuleum,
2852 2372 2905 2417 et
2932 2360 3156 2414 fustibus
3184 2375 3351 2415 caasus
3382 2369 3541 2429 atque
3564 2376 3669 2413 un-

2089 2461 2273 2531 guibus
2301 2474 2474 2524 rasus,
2505 2459 2595 2513 diu
2627 2458 2709 2511 ius
2746 2455 2942 2511 deinde
2993 2455 3221 2509 ﬂammis
3268 2454 3470 2506 circum
3502 2453 3667 2506 latera

2089 2556 2203 2623 ejus
2250 2553 2506 2624 appositis
2550 2552 2639 2605 diu
2694 2551 2953 2605 ustulatus
3002 2550 3183 2605 emisit
3235 2547 3505 2616 spiritum,
3550 2557 3605 2600 et
3634 2561 3669 2602 ι

2091 2646 2294 2700 Joanne
2346 2645 2657 2713 presbytero
2709 2647 2949 2709 sepultus
2978 2652 3056 2697 est
3108 2642 3158 2694 itt
3189 2639 3495 2695 cmmcterio
3526 2638 3673 2691 Pris-

2092 2737 2250 2790 cillae.
2284 2734 2401 2804 Ipso
2438 2735 2524 2788 die
2555 2731 2581 2769 ιι
2613 2734 2871 2787 Maximus
2921 2732 3193 2787 interfecit
3236 2745 3466 2786 sororem
3509 2744 3672 2783 suam

2099 2826 2115 2862 ¹
2148 2827 2500 2880 Artbentiam.
2531 2825 2800 2894 Scriptum
2830 2824 2880 2877 in
2912 2824 3075 2893 gestis
3109 2824 3123 2873 i
3162 2823 3387 2877 Marcelli
3415 2837 3587 2890 papae.

1782 2938 1982 2993 Sill'l‘ll
2026 2938 2255 2995 NOTAE.

406 3022 767 3079 Romanorum
806 3026 1111 3091 pontiﬁcum
1144 3026 1300 3082 valde
1337 3028 1494 3082 dubia
1538 3040 1621 3084 est
1664 3004 1717 3084 et
1761 3030 1979 3086 incerta.

2093 3031 2272 3100 patrie,
2308 3031 2396 3101 qui
2428 3030 2824 3101 adsepulcrum
2857 3030 2914 3084 S.
2945 3030 3207 3085 Trndonis
3227 3030 3356 3083 duas
3386 3029 3537 3083 villas
3566 3039 3678 3087 tra.

409 3095 589 3163 Neque
630 3096 770 3148 enim
801 3097 883 3168 cui
914 3098 1168 3151 successit
1196 3097 1252 3153 S.
1281 3099 1548 3159 Clemens.
1583 3115 1681 3153 nec
1707 3116 1813 3167 quo
1845 3112 1982 3155 tem-
2009 3108 2054 3168 ο
2090 3095 2236 3154 Elidit.
2275 3095 2435 3154 Porro
2463 3095 2773 3154 Cltlodtlll'us
2820 3115 2923 3154 non
2953 3110 3079 3153 ante
3127 3116 3320 3153 annum
3352 3101 3457 3154 est
3487 3105 3672 3153 sedem

413 3180 541 3232 pore
584 3166 862 3236 successit,
897 3182 1175 3233 possumus
1209 3182 1305 3236 pro
1333 3178 1480 3222 certo
1517 3166 1828 3225 decernere.
1876 3172 1985 3225 Ire-

412 3248 580 3309 notus,
619 3234 711 3309 lib.
740 3249 817 3300 Ill,
856 3234 1581 3309 cap._5,_cum:successisse
1610 3241 1861 3294 Anacleto
1908 3243 1989 3294 di-

412 3303 520 3359 cit:
551 3302 633 3355 cui
665 3314 716 3355 et
762 3307 1028 3358 consentit
1060 3306 1317 3360 Eusebius
1346 3317 1455 3360 tum
1499 3309 1547 3360 in
1578 3309 1846 3363 Chronico
1879 3320 1988 3364 tum

413 3373 468 3446 in
502 3372 749 3446 I‘listorio,
795 3384 849 3425 et
888 3374 1171 3446 [Eusebium
1222 3386 1519 3446 sequuntur
1542 3379 1711 3432 Graici
1764 3396 1985 3446 omnes;

410 3441 580 3494 Latini
625 3443 711 3519 alii
744 3457 864 3497 eum
892 3442 1063 3510 Cleto,
1092 3445 1179 3498 alii
1210 3441 1365 3519 C|e_to
1394 3457 1446 3500 et
1472 3451 1727 3519 Attacleto
1773 3441 1990 3519 postpoL

413 3520 563 3574 nunt,
609 3513 699 3564 alii
733 3527 852 3586 eum
895 3528 1258 3586 successorem
1290 3515 1425 3569 Lino
1453 3517 1742 3586 assignant.
1774 3513 1853 3573 'Et
1891 3513 1988 3574 ne-

410 3596 564 3636 cesse
592 3590 673 3636 est
692 3591 759 3655 Aul.
789 3583 904 3655 hzcc
931 3586 996 3639 de
1033 3585 1219 3638 ordine
1264 3600 1368 3655 quo
1396 3583 1620 3650 ponatur
1661 3590 1717 3643 8.
1744 3588 1990 3645 Clemens

414 3663 653 3728 vartetas
689 3653 1116 3728 incertitndinem
1162 3653 1328 3728 pariat
1365 3657 1431 3710 de
1463 3667 1700 3725 tempore
1729 3674 1834 3728 quo
1868 3675 1989 3714 sue-

415 3721 689 3795 ccssit.__|n
729 3738 787 3777 rc
823 3724 979 3792 igitur
1012 3736 1117 3778 tam
1158 3721 1401 3794 ambigua
1446 3742 1474 3778 a
1505 3721 1759 3795 Ca'talogo'
1784 3730 1988 3785 Damasi

415 3806 519 3843 non
574 3792 954 3866 discedendum
1003 3794 1245 3866 videtur;
1295 3792 1547 3851 Clemens
1593 3792 1793 3866 itaque,
1841 3802 1989 3865 juxta

414 3877 534 3913 eum
565 3861 894 3931 Catalogttm,
927 3879 1066 3917 anno
1090 3864 1154 3916 67
1187 3867 1243 3920 S.
1268 3866 1398 3920 Lino
1428 3861 1703 3931 successit,
1733 3879 1785 3921 ct
1818 3861 1993 3923 Eccle-

415 3932 892 4006 sianrgubernavit
936 3948 1101 4006 usque
1144 3937 1205 3985 ad
1246 3952 1438 3989 annum
1467 3938 1557 4001 77,
1589 3953 1692 4006 quo
1732 3939 1995 3992 abdicavit

417 4000 809 4073 pontiﬁcatum.
840 4011 895 4055 ιιι
924 4004 1188 4070 colligitur
1233 4021 1297 4059 ex
1331 4000 1644 4073 Epiphanio.
1682 4010 1869 4061 ltmresi
1899 4009 1988 4062 27.

418 4069 476 4148 in
528 4069 715 4148 t-xsilio
764 4069 1074 4148 submers_ns
1122 4074 1348 4148 dicilor‘
1368 4069 1705 4148 an'noitertio
1755 4079 1990 4146 Trajani,

415 4137 615 4209 Christi
644 4142 959 4195 centesimo.
993 4142 1189 4196 Tamen
1221 4146 1287 4198 cl.
1319 4145 1643 4209 Dotlwellus,
1676 4148 1741 4200 ad
1774 4137 1994 4203 Pearso;

419 4208 493 4285 itii
527 4208 932 4285 Dissertationes
969 4213 1035 4266 de
1077 4215 1218 4268 serie
1252 4224 1306 4269 et
1340 4208 1675 4271 successione
1706 4218 1992 4285 primorum

420 4280 578 4331 ilum.
602 4280 990 4356 cpisc0porum,
1014 4293 1236 4338 Conatus
1264 4294 1347 4339 est
1377 4290 1599 4353 probare
1628 4280 1765 4356 quod
1796 4288 1851 4342 S.
1876 4287 1994 4342 Cle-

422 4354 913 4429 lncnsnmartyrittm
960 4367 1145 4429 passus
1188 4370 1295 4429 non
1326 4358 1416 4419 sit,
1447 4354 1664 4429 etquod
1715 4358 1772 4429 in
1797 4368 1995 4429 marty-

422 4418 839 4485 rologiisdict'tur
855 4424 1133 4492 deexsilio
1153 4424 1268 4492 ejus
1287 4437 1338 4478 et
1356 4418 1989 4492 n'tartyr'ioJahulatornin

417 4472 690 4561 unciatim
712 4472 883 4561 potius
896 4472 1989 4561 sinistras.)ita};'t;t;t;;t2;';.'t‘t;.;;;:
2021 4472 2073 4531 Ῑ)

491 4562 516 4587 ⁸³
551 4557 824 4635 Trndonis.
868 4560 962 4635 llic
1000 4557 1339 4635 inilasbania
1368 4574 1520 4618 natus
1558 4578 1639 4621 cst
1666 4583 1727 4621 ex
1763 4570 1993 4635 parenti-

418 4629 517 4682 bus
562 4629 847 4700 nobilibus.
885 4631 1102 4685 Mortuis
1133 4635 1435 4700 parentibus
1477 4637 1609 4690 adiit
1636 4629 1855 4692 consilio
1887 4640 1990 4693 lle-

419 4697 597 4777 maelii
623 4699 1074 4777 .S.Clo_d_ulphutn
1104 4697 1419 4777 episcopum
1460 4706 1783 4771 Metensem;
1818 4708 1992 4777 ibique

418 4768 695 4841 quidquid
724 4771 774 4824 itt
812 4771 1073 4825 Hashania
1124 4768 1423 4841 patrimonii
1473 4777 1702 4832 habebat
1745 4768 1993 4833 Ecclesia:

420 4838 660 4915 Mettensi
684 4840 736 4893 in
767 4841 1020 4895 honorem
1053 4838 1389 4915 SJStephani
1424 4849 1724 4915 resignavit.
1758 4850 1995 4915 Cumque

420 4908 747 4982 Clodttlpbus
776 4908 1261 4982 eumsaeerdotent
1302 4908 1623 4982 ordinasset,
1653 4929 1705 4974 et
1734 4908 1992 4981 moribus,

419 4978 714 5061 eruditione
763 4990 818 5061 e_t
867 4981 1059 5061 pietate
1104 4984 1359 5061 idoneum
1411 4978 1619 5043 videret
1662 4992 1725 5043 ad
1776 4978 1993 5045 verbum

420 5048 628 5126 Domini
675 5048 1153 5126 seminandtt_m,in
1192 5060 1414 5121 patriam
1456 5074 1576 5112 eum
1619 5061 1857 5126 remittit,
1908 5062 1993 5114 ubi

423 5118 681 5198 templum
727 5118 1127 5198 consulundo
1171 5118 1433 5198 getttilitio
1473 5144 1600 5198 agro
1645 5131 1696 5183 in
1739 5118 1995 5184 honorem

420 5186 769 5269 S..Quintirti.
798 5199 853 5244 et
888 5191 1111 5269 Remigii
1158 5186 1409 5269 Episcopi,
1434 5186 1776 5253 adultivulum
1829 5202 1997 5253 Cisin-

422 5259 590 5340 driam
648 5261 724 5340 i_n_
756 5259 880 5315 loco
925 5259 1067 5340 quod
1112 5259 1696 5340 vocattir'Sarcinium.
1763 5269 1999 5338 Cumque

423 5330 977 5407 multiadolescentes
1010 5335 1060 5387 in
1091 5336 1204 5402 ejus
1238 5337 1639 5391 contubernium
1678 5341 1839 5407 recipi
1872 5330 1999 5392 con-

419 5402 981 5477 tendebatt_t,_eor_um
1029 5419 1184 5477 causa
1232 5413 1607 5461 monasterium
1659 5402 1995 5477 magniﬁcum

419 5471 740 5548 construxit:
759 5471 1001 5548 Condidit
1030 5484 1083 5527 ct
1108 5475 1651 5548 aliudmonasterium
1685 5471 1821 5547 qqu
1849 5484 2001 5548 vulgo

422 5540 482 5592 S.
508 5539 770 5616 Trndonis
798 5543 1091 5616 appellatur
1114 5586 1127 5609 ,
1157 5547 1437 5616 medioque
1484 5539 1728 5602 milliaria
1757 5539 1998 5604 dissituvm

422 5619 504 5659 est
543 5610 786 5689 a’Brngis
817 5610 1079 5689 Iflandritc
1106 5610 1561 5684 civitatefCoHigi
1597 5631 1767 5687 potest
1797 5632 2001 5688 tempus

430 5680 616 5760 mortis
635 5680 696 5757 S._
717 5680 1001 5760 Trudonis,
1028 5694 1136 5737 tum
1161 5700 1225 5760 ex
1253 5680 1555 5760 pontiﬁcatu
1579 5680 1836 5760 Chlodolﬁ
1873 5680 1999 5744 Met-

429 5754 592 5798 tensts
619 5754 877 5819 episcopi,
911 5762 1017 5806 tum
1049 5769 1110 5809 ex
1144 5756 1288 5812 obitu
1330 5757 1535 5826 Pippini
1565 5759 1743 5816 Caroli
1775 5760 1996 5818 Martclli

2094 3174 2403 3226 Mettensem
2454 3171 2601 3233 iniit;
2674 3170 2853 3224 Trudo
2913 3170 2978 3223 ad
3026 3185 3145 3224 eum
3193 3185 3333 3223 anno
3381 3170 3522 3223 circa
3572 3172 3677 3226 060

2089 3241 2493 3311 quindecennis.
2542 3251 2631 3293 aut
2660 3242 2794 3295 forte
2824 3241 3059 3293 vicennis
3082 3280 3096 3301 ,
3150 3240 3408 3311 accessit;
3451 3241 3676 3307 proinde

2090 3309 2360 3378 superstes
2392 3311 2486 3363 fuit
2516 3325 2682 3379 usque
2729 3312 2792 3363 ad
2818 3311 2972 3364 tinem
3004 3312 3181 3363 smeuli
3216 3325 3307 3363 vn.
3368 3309 3473 3379 Nec
3503 3314 3681 3365 serius

2090 3382 2292 3435 dillerri
2321 3390 2496 3450 potest
2523 3378 2636 3447 ejus
2666 3383 2843 3433 obitus
2868 3396 2883 3441 ;
2935 3395 3052 3431 natn
3088 3380 3358 3450 memoriae
3406 3378 3523 3448 ejus
3553 3395 3676 3434 ante

2092 3451 2299 3520 Pippini
2324 3449 2524 3505 obitum
2549 3452 2877 3504 Celebrandae
2908 3449 3119 3517 aliquod
3146 3460 3352 3516 tempus
3379 3455 3677 3514 rcltnquen.

2090 3522 2213 3573 dnnt
2244 3532 2359 3587 est;
2391 3523 2519 3574 obiit
2547 3532 2723 3574 autem
2757 3521 3005 3590 Pippinus
3051 3535 3141 3573 an.
3169 3520 3290 3574 7H.
3328 3521 3456 3574 Vide
3487 3521 3679 3573 Mabil.

2092 3593 2223 3659 lon.,
2256 3607 2379 3645 saec.
2415 3606 2447 3644 lt
2479 3590 2597 3644 Act.
2630 3591 2758 3644 Ben.

2163 3657 2481 3715 ltSeverini.
2526 3659 2798 3714 Ferrarius
2823 3662 2873 3714 in
2905 3657 3073 3713 Catal.
3103 3658 3238 3713 Gen.
3267 3670 3316 3712 et
3350 3660 3594 3714 Lahheus
3626 3664 3677 3717 in

2094 3731 2402 3799 llagiologio
2448 3731 2605 3784 hodie
2650 3733 3007 3785 meminerunt
3064 3729 3311 3782 monachi
3360 3730 3675 3787 Parisiensis

2094 3802 2265 3871 hujus,
2285 3800 2540 3854 nominis.

2163 3867 2187 3908 ὃ
2230 3870 2550 3951 Columbam.
2600 3869 2674 3922 De
2723 3869 2821 3923 hoc
2875 3869 2995 3924 vide
3024 3883 3203 3936 supra,
3255 3885 3304 3923 ιι
3353 3867 3470 3922 Kal.
3522 3876 3678 3938 hujus

2094 3955 2312 3997 men5ts.

2164 4011 2190 4047 ά
2235 4008 2430 4062 Fateri.
2465 4009 2518 4063 In
2554 4008 2861 4076 llagiologio
2892 4008 3087 4062 Labhei
3138 4008 3197 4063 S.
3233 4008 3499 4062 Fraterius
3532 4025 3681 4077 pres-

2094 4079 2247 4149 byter
2296 4079 2553 4133 Bituricas
2596 4079 2810 4131 civitate
2859 4080 2976 4149 vico
3026 4078 3339 4149 Carebrivas
3389 4082 3547 4132 hotlie
3576 4081 3680 4135 coli

2094 4147 2310 4219 dicitur.
2345 4149 2409 4202 Et
2438 4150 2487 4201 in
2520 4150 2706 4203 eodem
2737 4158 2882 4202 tomo
2910 4148 3025 4219 ejus
3050 4163 3198 4219 nova;
3228 4147 3591 4209 Bibliothocm,
3626 4168 3681 4215 ι»,

2094 4218 2222 4282 452,
2257 4220 2314 4275 8.
2344 4220 2613 4272 Marianos
2640 4220 2829 4273 dicitur
2866 4217 2963 4270 sub
2990 4217 3229 4271 Fraterio
3272 4219 3324 4270 in
3352 4224 3687 4273 monasterio

2097 4289 2373 4343 l’rinciaco
2402 4291 2689 4342 monachus
2720 4289 3003 4343 exstitisse.

2172 4362 2195 4389 ε
2234 4357 2565 4428 Chrysogoni.
2601 4359 2696 4413 Hic
2729 4359 2784 4414 8.
2819 4357 3146 4413 Anastasiatn
3192 4360 3241 4412 itt
3277 4362 3380 4415 title
3411 4360 3631 4413 inStitnit
3662 4402 3679 4424 ,

2100 4439 2151 4483 et
2187 4429 2392 4483 duobus
2420 4432 2574 4482 annis
2605 4432 2822 4498 integris
2858 4431 3015 4482 multa
3051 4443 3145 4493 pro
3173 4428 3384 4484 Christo
3414 4443 3685 4483 tormenta

2095 4502 2363 4554 sustinuit.
2395 4500 2524 4553 lluic
2547 4500 2820 4553 Anastasia
2848 4513 2989 4566 saepe
3013 4498 3345 4554 ministrabat
3367 4503 3415 4553 in
3442 4516 3683 4553 carcere.

2094 4572 2223 4624 Cum
2253 4583 2430 4623 autem
2475 4568 2532 4622 8.
2556 4572 2928 4638 Chrysogonus
2973 4568 3149 4633 capite
3195 4585 3363 4625 caesus
3407 4582 3523 4631 est.
3561 4573 3688 4639 ejus

2095 4655 2285 4705 corpus
2317 4641 2368 4691 itt
2403 4655 2547 4692 mare
2579 4642 2866 4707 prujecntnt
2900 4650 2977 4691 est
3005 4656 3018 4702 ;
3069 4640 3160 4691 sed
3197 4652 3376 4707 postea
3405 4643 3690 4696 inventum

2098 4720 2178 4763 est
2208 4727 2234 4763 a
2265 4712 2491 4778 quodam
2520 4709 2668 4763 Zoilo
2692 4710 3022 4779 presbytero.
3076 4710 3206 4765 Vide
3231 4711 3405 4766 Vitam
3455 4714 3512 4768 S.
3544 4718 3694 4765 Atta-

2094 4782 2271 4834 stasiae
2296 4779 2431 4847 apud
2459 4779 2669 4835 Suriutn
2688 4820 2702 4843 ,
2734 4790 2862 4833 totn.
2883 4780 2966 4833 Vl.

2174 4848 2192 4887 ί
2239 4852 2541 4907 Anastasius.
2582 4852 2707 4916 Quae
2732 4851 2863 4903 inira
2897 4852 3108 4915 colitur,
3138 4853 3209 4907 25
3244 4852 3330 4905 die
3364 4852 3653 4905 Decembr.

2170 4924 2193 4961 3
2234 4920 2483 4975 Cresareo.
2528 4922 2706 4975 Ponus
2743 4920 2985 4988 Cyriaco.
3034 4921 3109 4975 De
3166 4924 3263 4974 hoc
3312 4932 3367 4976 et
3410 4922 3583 4989 Largo
3633 4932 3694 4975 et

2097 4991 2397 5059 Smaragdo
2419 4992 2537 5045 vide
2568 4992 2633 5043 l6
2663 4992 2833 5044 Martii
2865 5000 2917 5043 et
2945 4991 2977 5042 8
3010 4992 3252 5060 Augusti.

2172 5062 2195 5097 ι·
2238 5062 2517 5115 Maximus.
2567 5061 2915 5114 Maximianus
2964 5063 3181 5125 rectius,
3228 5061 3316 5130 qui
3365 5060 3695 5119 Diocletiani

2100 5132 2275 5194 ﬁliam,
2314 5132 2565 5185 Artemis!
2592 5144 2853 5191 sororem,
2888 5146 3106 5183 uxotcm
3135 5133 3409 5184 habuerat.

2178 5209 2189 5246 i
2216 5202 2546 5254 Armemiam.
2571 5200 2841 5253 Ferrarius
2866 5204 2915 5251 in
2940 5202 3172 5269 generali
3192 5203 3231 5255 C
3248 5204 3440 5268 italogo
3467 5214 3697 5256 sancto-

2102 5288 2216 5324 rum
2243 5272 2427 5324 scribit
2452 5272 2518 5324 12
2534 5271 2669 5337 Aug.
2696 5272 2795 5324 coli
2820 5271 3002 5323 Itonia:
3028 5273 3078 5325 itt
3105 5274 3338 5327 tcclesia
3361 5275 3419 5327 8.
3440 5274 3701 5329 deestri

2102 5341 2158 5395 S.
2186 5343 2508 5394 Arlltemiam
2528 5356 2779 5412 virginem
2798 5350 2850 5393 et
2867 5354 3174 5412 martyrem,
3190 5354 3382 5396 czctem
3404 5349 3571 5398 latere
3596 5365 3612 5407 ;
3644 5349 3701 5400 in

2102 5413 2276 5464 indice
2307 5411 2543 5479 Catalogi
2597 5412 2694 5466 SS.
2730 5411 2910 5471 Italian,
2961 5411 3119 5464 tradit
3164 5412 3476 5466 Dtocletiani
3522 5418 3701 5469 tiliam

2104 5481 2298 5545 fuisse;
2330 5484 2431 5534 coli
2465 5497 2551 5532 vnt
2579 5480 2735 5548 Ang.,
2766 5496 2957 5548 corpus
3008 5484 3057 5534 in
3090 5483 3321 5536 Ecclesia
3352 5485 3411 5537 8.
3439 5486 3701 5540 Silvestri

2104 5568 2324 5605 servari.
2367 5551 2479 5604 Alia
2509 5552 2877 5620 Martyrologia
2930 5552 2992 5604 'lb'
3021 5558 3153 5622 Aug.
3201 5569 3324 5605 cum
3373 5566 3542 5608 matre
3580 5556 3699 5610 Se-
3768 5555 3777 5593 ἶ

2106 5637 2231 5676 rena
2261 5636 2376 5673 eam
2409 5623 2661 5675 referunt.

2179 5693 2192 5741 i
2249 5691 2499 5765 Marcelli.
2540 5693 2668 5765 Vide
2694 5692 2809 5761 ejus
2839 5695 2965 5749 Acta
2992 5694 3125 5764 apud
3158 5693 3419 5761 Bulland.,
3448 5704 3500 5750 et
3529 5709 3705 5765 sape.

2105 5763 2231 5831 rius,
2271 5761 2335 5817 lli
2366 5763 2602 5831 Augusti.
