4022 6200
411 294 545 353 {illi

1478 298 1666 357 SECT.
1711 301 1778 356 11.
1819 330 1887 339 -
1926 301 2494 360 MARTYliOLOGlA.

3528 308 3676 369 {HQ

1633 409 1861 465 EDITIO
1900 409 2369 470 COLONIENSIS.

402 501 787 559 Antiochenam
819 500 957 557 rexit
997 498 1321 572 Ecclesiam,
1355 505 1721 571 persecutione
1762 504 1972 573 Trajani
2005 507 2053 564 A
2080 505 2217 561 drini
2250 509 2487 578 episcopi
2509 552 2523 577 ,
2559 510 2699 566 inter
2741 512 3036 582 praecipuos
3068 516 3287 584 egregii.
3342 518 3435 573 llic
3464 521 3675 578 duode-

405 596 689 647 damnatus
717 590 782 644 ad
817 590 1036 653 bestias,
1088 590 1311 645 Romam
1342 592 1548 647 vinctus
1595 594 1851 659 mittitur;
1897 594 1984 649 tibi

408 698 669 755 praesente
690 686 939 753 Traiano,
964 686 1389 742 circumsedente
1422 696 1632 752 senatu,
1662 688 1780 757 pilis
1806 690 1983 759 plum-

410 778 527 833 beis
569 777 801 845 scapulae
831 776 945 844 ejus
976 777 1203 845 primum
1250 785 1487 832 contusa:
1507 818 1523 843 ,
1558 779 1751 833 deinde
1780 779 1987 848 ungulis

412 872 577 924 .‘atera
610 870 725 938 ejus
750 869 1026 933 dilaniata,
1059 878 1114 923 et
1142 870 1400 939 lapidibus
1433 873 1635 938 asperis
1661 871 1947 925 confricata
1972 890 1986 936 ;

412 974 531 1033 post
573 977 822 1028 expansa:
862 976 1051 1015 manus
1090 960 1229 1031 ejus,
1276 972 1331 1016 et
1370 962 1475 1030 igni
1518 964 1755 1031 repletae,
1791 978 1991 1033 papyro

412 1056 533 1110 oleo
565 1055 740 1108 infuso
767 1065 815 1109 et
849 1053 1088 1117 incenso,
1119 1053 1281 1107 latera
1306 1054 1423 1120 ejus
1452 1055 1660 1121 adusta,
1690 1064 1809 1122 post
1834 1070 1993 1120 super

413 1147 674 1200 carbones
722 1144 1023 1211 pavimento
1078 1156 1356 1211 aspersus,
1416 1145 1501 1197 ubi
1556 1154 1751 1198 sancta:
1799 1145 1992 1213 planta:

415 1236 559 1290 illius
585 1241 869 1287 steterunt.
912 1230 1040 1286 Post
1073 1233 1264 1285 lectum
1292 1233 1685 1301 flammantem,
1722 1243 1836 1303 post
1866 1233 1992 1287 dor-

415 1344 532 1383 sum
586 1326 702 1397 ejus
754 1326 963 1395 ungulis
1017 1324 1294 1379 discissum
1352 1335 1405 1380 et
1456 1326 1817 1392 dilaceratum,
1875 1337 1995 1395 post

414 1428 623 1474 aceturn
672 1426 725 1471 et
772 1415 961 1479 salem,
1007 1416 1196 1485 quibus
1241 1418 1402 1485 plagae
1448 1417 1563 1487 ejus
1610 1418 1800 1471 infusa:
1848 1427 1991 1482 sunt,

415 1518 537 1578 post
586 1506 814 1561 vinculis
848 1506 1036 1560 ferreis
1084 1507 1234 1559 beata
1287 1506 1425 1560 illius
1465 1507 1701 1569 astricta,
1732 1517 1787 1561 et
1834 1507 1993 1574 pedes

418 1601 471 1653 in
503 1599 605 1652 ima
634 1597 869 1652 carceris
898 1597 951 1650 in
979 1597 1122 1666 ligno
1153 1597 1464 1663 conclusos;
1498 1598 1585 1651 tibi
1618 1599 1784 1653 tribus
1809 1598 1995 1653 diebus

419 1708 482 1746 ac
523 1692 765 1745 noctibus
811 1704 998 1757 panem
1047 1704 1151 1743 non
1200 1689 1505 1755 comedens,
1554 1699 1606 1743 et
1653 1705 1841 1758 aquam
1887 1706 1993 1743 non

418 1783 608 1839 bibens
654 1781 868 1833 mansit.
920 1780 1153 1835 Sedente
1201 1794 1295 1847 pro
1343 1779 1589 1834 tribunali
1638 1781 1891 1851 Trajano,
1941 1782 1992 1835 in

419 1869 840 1940 amphitheatro,
872 1880 1226 1924 concurrente
1252 1871 1397 1923 omni
1428 1870 1576 1923 turba
1609 1869 1995 1938 Romanorum,
2032 1854 2073 1913 Β

420 1962 613 2032 iigatus
642 1961 849 2015 duobus
878 1958 1129 2028 ohjicitur
1158 1960 1424 2016 leonibus.
1453 1961 1692 2030 Cumque
1727 1960 1838 2031 jam
1873 1977 2000 2032 pro-

416 2054 593 2124 jectus
638 2051 835 2106 bestias
886 2051 1157 2120 rugientes
1204 2050 1448 2116 audiret,
1495 2051 1691 2106 ardore
1739 2052 1996 2120 patiendi,

420 2146 541 2199 ait:
575 2142 685 2197 Viri
731 2142 954 2196 Romani
1000 2142 1088 2212 qui
1133 2142 1234 2196 hoc
1275 2153 1545 2199 certamen
1586 2145 1860 2213 spectatis,
1894 2161 1999 2200 non

422 2236 537 2289 sine
581 2248 740 2289 causa
793 2233 1049 2299 laboravi,
1099 2235 1219 2300 quia
1270 2250 1374 2288 non
1423 2245 1641 2303 pr0pter
1688 2237 1999 2305 pravitatem

424 2326 540 2380 hmc
569 2325 760 2393 patior,
820 2324 913 2378 sed
962 2333 1181 2393 propter
1210 2326 1458 2394 pietatem
1498 2326 1818 2382 frumentum
1850 2328 2004 2383 Chri-

423 2418 492 2471 sti
540 2430 683 2481 sum,
728 2414 977 2469 dentibus
1026 2415 1317 2471 bestiarum
1369 2418 1558 2479 molar,
1606 2427 1662 2471 ut
1710 2418 1861 2486 panis
1912 2418 2005 2472 Dei

397 2506 656 2560 'mundns
698 2504 957 2559 inveniar.
1004 2505 1128 2558 llaec
1170 2507 1259 2559 illo
1300 2506 1532 2573 dicente,
1566 2520 1909 2562 accnrrerunt
1938 2509 2005 2562 ad

426 2615 548 2653 eum
578 2597 781 2663 leones,
811 2609 861 2652 et
889 2612 958 2651 ex
992 2605 1216 2666 utraque
1246 2607 1394 2666 parte
1422 2614 1583 2666 super
1610 2615 1727 2653 cum
1768 2600 2008 2654 inciden-

429 2703 528 2753 tes,
566 2691 989 2759 praafocaverunt
1015 2703 1136 2742 eum
1171 2691 1561 2748 tantummodo,
1592 2701 1644 2744 et
1686 2706 1789 2745 non
1824 2692 2006 2762 tetige-

425 2790 551 2835 runt
583 2793 772 2833 carnes
801 2780 937 2847 ejus.
983 2780 1109 2833 item
1153 2778 1335 2834 Roma:
1366 2782 1541 2834 natale
1577 2784 1745 2837 sancti
1776 2780 2011 2853 Chryso-

429 2872 552 2944 goni
602 2872 871 2940 martyris,
913 2870 1003 2938 qui
1054 2886 1148 2938 per
1192 2871 1460 2925 biennium
1504 2872 1652 2940 jussu
1699 2872 2010 2927 Diocletiani

429 2962 706 3031 conjectus
736 2969 818 3015 est
844 2960 893 3013 in
919 2961 1162 3025 vincula;
1197 2960 1283 3013 tibi
1316 2961 1474 3013 multa
1505 2975 1786 3029 perpessus
1813 2973 2009 3016 sancta:

427 3052 730 3106 Anastasius
760 3049 1026 3104 alimoniis
1058 3049 1356 3115 fovebatur,
1401 3051 1465 3104 ad
1511 3052 1751 3106 ultimum
1781 3053 2010 3107 dcenlla-

431 3153 517 3198 tus
557 3154 669 3209 est,
722 3152 775 3196 et
813 3142 866 3196 in
915 3156 1060 3196 mare
1103 3139 1392 3210 projectus.
1435 3140 1642 3212 Corpus
1672 3143 1788 3213 ejus
1831 3145 2008 3200 Zoilus

432 3248 598 3289 senex
631 3233 911 3303 presbyter
952 3234 1256 3298 inventum,
1299 3234 1530 3288 adunato
1559 3234 1732 3303 capite
1772 3236 1821 3289 in
1863 3236 2011 3291 cubi-

430 3323 555 3377 culo
600 3338 697 3377 suo
741 3323 1043 3376 collocavit.
1099 3322 1165 3375 Et
1212 3323 1387 3376 natale
1435 3324 1604 3378 sancti
1651 3325 2008 3382 Crescentiaoi

434 3413 705 3484 martyris,
734 3414 833 3467 sub
864 3412 1231 3480 persecutione
1261 3412 1584 3467 Maximiani.

505 3501 571 3558 Ο.
616 3501 699 3556 VII
739 3500 874 3555 KAL.
916 3501 1154 3556 Ducena.
1197 3501 1380 3557 Natale
1406 3504 1575 3558 sancti
1607 3504 1748 3559 Petri
1780 3508 2004 3563 Alexan.

2087 599 2229 653 cimo
2255 602 2596 670 episcOpatus
2638 602 2718 656 sui
2761 617 2900 656 anno
2931 605 3171 675 martyrii
3203 620 3453 661 coronam
3484 614 3673 679 capitis

2088 689 2496 745 obtruncatione
2527 693 2850 760 promeruit,
2889 702 3127 762 tempore
3161 695 3464 752 Maximiani
3510 702 3675 768 impe-

2090 780 2322 846 ratoris;
2363 797 2483 835 cum
2527 798 2631 850 quo
2674 784 2830 837 simul
2877 794 2931 839 et
2977 785 3063 838 alii
3113 788 3291 855 plures
3331 804 3395 844 ex
3442 790 3675 862 .‘Egypto

2091 869 2324 938 episcopi
2370 872 2722 938 trucidantur,
2751 872 2860 928 fere
2903 889 3022 927 cum
3054 875 3264 931 clericis
3288 887 3342 931 et
3372 879 3519 933 laicis
3550 898 3673 935 sex-

2092 960 2259 1014 centis
2281 961 2574 1029 sexaginta.
2620 960 2714 1015 llic
2742 962 2864 1015 dum
2911 964 2961 1017 in
2993 979 3207 1019 carcere
3249 979 3571 1036 servaretur,
3622 980 3677 1023 et

2094 1050 2374 1104 universus
2420 1052 2645 1118 p0pnlus
2684 1052 3021 1107 Alexandria:
3066 1057 3211 1110 urbis
3256 1058 3395 1111 fores
3442 1061 3675 1114 carceris

2094 1142 2403 1195 observaret
2448 1157 2630 1195 amore
2676 1146 2839 1212 patris
2880 1147 2997 1212 sui,
3048 1148 3207 1201 Arius
3258 1150 3459 1215 infelix,
3512 1153 3600 1221 qui
3646 1167 3676 1205 a

2095 1230 2249 1284 beato
2290 1229 2446 1283 Petro
2474 1234 2965 1286 excotmnunicatus
3001 1243 3055 1287 et
3091 1236 3414 1307 degradattts
3460 1251 3678 1309 propter

2095 1323 2284 1391 dogma
2332 1323 2530 1377 erroris
2585 1324 2901 1393 habebatur,
2953 1328 3161 1393 cognita
3209 1332 3468 1385 sententia
3514 1332 3678 1385 Maxi-

2096 1414 2252 1467 miani
2284 1415 2538 1467 adversus
2569 1411 2778 1469 beatum
2828 1418 3037 1469 Petrum
3064 1456 3078 1481 ,
3125 1417 3312 1472 festiue
3345 1422 3581 1487 pervenit
3610 1422 3676 1475 ad

2095 1504 2396 1570 ecclesiam,
2444 1507 2731 1561 obsecrans
2778 1515 2834 1558 ut
2883 1521 2977 1572 pro
3023 1520 3088 1559 eo
3131 1506 3305 1562 clerus
3354 1518 3405 1561 et
3452 1510 3677 1577 populus

2096 1596 2234 1667 apud
2265 1597 2515 1665 episcopu
2618 1597 3008 1664 intercederet,
3054 1607 3244 1664 putans
3282 1599 3421 1667 quod
3457 1610 3573 1668 post
3601 1600 3681 1653 di-

2099 1704 2334 1743 scessum
2377 1690 2504 1756 'ejus
2560 1688 2672 1757 ipse
2726 1690 2991 1743 levaretur
3038 1692 3342 1761 episcopus.
3397 1692 3681 1748 Venientes

2100 1780 2258 1849 igitur
2287 1781 2374 1848 qui
2408 1782 2638 1849 rogaturi
2671 1780 2907 1849 fuerant,
2936 1793 3216 1851 cmperunt
3248 1799 3340 1850 pro
3367 1784 3493 1837 Ario
3527 1784 3683 1840 beato

2102 1874 2351 1942 episcopo
2396 1872 2730 1941 supplicare;
2762 1874 2954 1943 quibus
2995 1885 3208 1929 sanctus
3250 1877 3529 1944 episcopus
3558 1892 3681 1931 cum

2102 1978 2294 2035 magno
2319 1964 2547 2031 suspirio
2578 1964 2890 2031 respondit:
2924 1965 3053 2029 Quia
3079 1964 3189 2034 jam
3220 1966 3377 2020 Arius
3407 1966 3513 2020 Deo
3540 1982 3683 2020 mor-

2104 2063 2243 2118 tuus,
2274 2068 2302 2106 a
2337 2054 2468 2107 facie
2498 2054 2588 2107 Dei
2620 2055 2888 2123 projectus
2915 2064 3079 2122 esset,
3111 2056 3232 2123 quia
3260 2057 3490 2125 graviter
3517 2057 3570 2111 in
3598 2072 3685 2112 es-

2101 2144 2270 2198 sentia
2302 2143 2526 2198 Deitatis
2554 2144 2972 2211 blasphemasset
2994 2187 3007 2210 ,
3039 2144 3402 2215 dogmatizans
3434 2147 3640 2201 Patrem
3666 2190 3680 2211 ,

2103 2241 2159 2288 et
2186 2233 2373 2286 Filium
2401 2248 2463 2287 ac
2486 2232 2736 2300 Spiritum
2765 2244 3002 2287 sanetum
3035 2249 3138 2287 non
3167 2250 3287 2288 esse
3316 2234 3468 2288 unius
3495 2249 3684 2289 essen-

2107 2327 2192 2381 tia:
2228 2338 2282 2383 et
2325 2336 2547 2380 natura}.
2597 2326 2661 2379 Et
2691 2325 3097 2393 apprehendens
3143 2325 3276 2377 duos
3323 2325 3685 2394 presbyteros,

2106 2421 2464 2476 Alexandrum
2491 2430 2542 2473 et
2573 2418 2859 2482 Achillam,
2890 2419 2954 2471 de
2985 2418 3134 2471 turba
3167 2431 3406 2471 seorsum
3428 2457 3443 2481 ,
3475 2418 3551 2469 ait
3576 2417 3687 2471 illis

2106 2520 2355 2566 secrete:
2387 2510 2495 2577 Ego
2522 2508 2732 2576 quidem
2761 2507 2861 2561 etsi
2905 2517 3150 2575 peccator
3189 2522 3333 2572 sum,
3369 2517 3542 2559 tamen
3576 2506 3689 2560 scio

2108 2618 2193 2656 me
2218 2601 2497 2655 vocatione
2525 2599 2731 2653 ctelesti
2763 2599 2825 2651 ad
2864 2598 3005 2651 hunc
3044 2611 3266 2665 agonem
3301 2596 3537 2666 martyrii
3566 2610 3690 2650 esse

2110 2702 2375 2746 vocatum.
2410 2690 2568 2743 Vobis
2594 2689 2753 2758 igitur
2780 2689 3038 2742 confiteor
3063 2688 3373 2756 mysterium
3404 2685 3521 2749 Dei,
3548 2687 3687 2753 quid

2108 2782 2237 2837 mihi
2279 2782 2570 2835 revelatum
2602 2788 2718 2845 est,
2751 2780 2869 2847 quia
2898 2793 2992 2831 vos
3022 2787 3140 2846 post
3170 2776 3479 2845 martyrium
3513 2790 3687 2828 memn

2109 2874 2289 2929 sedem
2320 2882 2374 2926 et
2403 2873 2762 2938 episcopatum
2808 2884 2981 2922 meum
3012 2865 3347 2920 consecuturi
3378 2865 3529 2932 estis,
3557 2873 3609 2918 et
3639 2874 3691 2916 tu

2110 2963 2324 3033 quidem
2358 2963 2558 3030 primus
2600 2959 2806 3013 Achilla
2832 3000 2846 3023 ,
2887 2967 3005 3026 post
3049 2965 3099 3009 te
3129 2971 3252 3008 vero
3283 2954 3599 3007 Alexander.
3637 2953 3690 3005 in

2112 3054 2210 3108 hac
2260 3053 2385 3105 hora
2437 3051 2626 3115 noctis,
2675 3059 2730 3103 ut
2761 3048 2912 3101 vobis
2944 3056 3107 3099 totum
3154 3045 3222 3099 de
3267 3043 3393 3098 Ario
3432 3044 3690 3111 aperiam,

2112 3162 2231 3200 cum
2259 3145 2483 3200 solemni
2512 3140 2896 3198 consuetudine
2924 3141 3030 3193 Deo
3054 3135 3369 3191 sacrificium
3394 3135 3692 3189 orationum

2115 3254 2565 3295 consummassem
2587 3281 2601 3302 ,
2632 3253 2759 3292 ecce
2785 3237 2963 3289 subito
2992 3233 3236 3303 apparuit
3266 3231 3395 3284 mihi
3427 3230 3476 3283 in
3512 3231 3694 3283 habitu

2118 3332 2266 3403 pueri
2302 3329 2545 3384 Christus
2576 3327 2832 3383 Dominus
2863 3341 3041 3390 meus;
3084 3324 3147 3377 ad
3178 3323 3325 3391 cujus
3358 3322 3694 3403 praesentiam

2116 3423 2401 3492 splendore
2442 3419 2602 3475 nimio
2647 3421 2960 3482 illustratus,
3007 3416 3205 3468 vultum
3248 3414 3543 3479 majestatis
3581 3414 3695 3473 ejus

2120 3529 2221 3566 non
2251 3512 2491 3565 valebam
2537 3510 2799 3577 aspicere.
2850 3507 2977 3559 Erat
3013 3514 3187 3558 autem
3234 3504 3448 3556 indutus
3486 3501 3695 3554 colobio

1664 3599 1846 3655 EDITI
1875 3606 1891 3652 )
1933 3605 2442 3664 BOLLANDIANA.

511 3685 574 3741 ν.
605 3684 692 3749 C.,
718 3684 919 3739 Eodem
948 3684 1034 3740 die
1056 3685 1113 3741 S.
1148 3685 1442 3741 Eleutherii
1492 3699 1544 3739 et
1575 3689 1810 3745 Maximi.
1864 3695 1927 3747 Et
1954 3698 2008 3749 S.

441 3756 678 3812 Flaviani
727 3755 962 3826 episcopi
1012 3764 1066 3810 et
1107 3756 1450 3810 confessoris.
1502 3758 1568 3811 Et
1619 3762 1676 3814 S.
1731 3763 1756 3791 ⁸
1785 3763 2011 3820 Romani

440 3826 760 3898 presbyteri.

509 3919 600 3975 25.
631 3948 699 3958 ——
728 3918 814 3972 VII
839 3918 972 3972 ΚΑΙ..
999 3916 1183 3972 Natale
1209 3917 1267 3972 S.
1292 3920 1320 3959 δ
1352 3919 1494 3973 Petri
1520 3922 1751 3990 episcopi
1787 3925 2017 3981 Alexan-

442 4012 620 4074 drini;
652 4011 882 4081 quicum
925 4019 1066 4064 esset
1094 4010 1340 4064 omnibus
1380 4011 1669 4066 adornatus
1701 4016 2012 4085 virtutibus,

446 4103 497 4157 in
527 4100 816 4171 Scripturis
839 4114 1050 4170 quoque
1072 4099 1265 4155 divinis
1293 4101 1486 4155 nullius
1515 4104 1748 4171 priorum
1773 4106 2015 4172 inferior,

2132 3713 2259 3753 vere
2286 3694 2537 3751 sacerdos
2563 3703 2613 3746 et
2644 3692 2812 3745 hostia
2847 3691 2974 3752 Deo,
3017 3688 3190 3742 subito
3219 3689 3422 3755 capitur
3447 3698 3603 3756 atque
3628 3704 3695 3742 ex

2119 3787 2388 3844 Maximini
2442 3792 2708 3852 praecepto
2769 3780 2941 3849 capite
2992 3782 3370 3841 obtruncatur;
3418 3794 3536 3833 cum
3589 3792 3697 3847 quo

2118 3878 2276 3932 simul
2300 3887 2349 3930 et
2377 3874 2465 3928 alii
2499 3874 2675 3942 plures
2703 3887 2767 3927 ex
2797 3872 3027 3942 Egypto
3050 3870 3396 3925 trucidantur.
3422 3869 3688 3937 Scriptum

2120 3970 2174 4025 in
2210 3967 2439 4023 Historia
2468 3966 2694 4029 Eccles.,
2724 3964 2859 4018 libro
2892 3977 3056 4019 nono.

2195 4080 2254 4134 Β.
2289 4080 2348 4132 V.
2370 4080 2455 4143 C.,
2484 4078 2549 4131 Et
2571 4077 2628 4133 S.
2664 4083 2684 4109 π
2717 4076 2976 4131 Caterinae
3001 4072 3095 4145 [V.
3120 4072 3432 4143 Ecateriuzc]
3459 4072 3695 4141 virginis.

1826 4196 2027 4253 SMITII
2065 4193 2291 4252 NOTAE.

518 4293 546 4322 ι
588 4280 825 4355 Romani.
879 4281 1060 4355 Quem
1089 4280 1344 4335 Martinus
1385 4283 1708 4338 Turonensis
1754 4287 2030 4355 cpiscopus

446 4354 735 4423 sepulturae
762 4351 971 4405 locavit.
1024 4353 1114 4423 Est
1143 4361 1319 4404 autem
1368 4355 1667 4419 sepulcrum
1717 4351 1832 4421 ejus
1862 4351 2033 4411 conti-

446 4439 605 4490 gunm
640 4422 901 4476 Blaviensi
936 4422 1155 4475 eaStello
1184 4436 1343 4486 super
1372 4423 1516 4476 littus
1541 4424 1711 4477 amnis
1738 4425 2025 4480 Geronnze.

449 4497 619 4548 UBEG.
649 4494 849 4545 Tunna.
882 4492 949 4546 de
975 4490 1124 4544 Glor.
1151 4494 1379 4545 confess.
1403 4532 1417 4555 ,
1451 4507 1567 4558 cap.
1597 4493 1688 4546 46.
1738 4495 1809 4549 lbi
1841 4495 2027 4549 etiam-

450 4581 577 4618 num
608 4561 795 4615 visitur
821 4562 1033 4615 abbatia
1083 4560 1395 4633 S.rl{nmani
1445 4576 1602 4630 quam
1651 4566 2019 4633 Augustiniani

451 4633 690 4688 canonici
721 4632 989 4699 regulares
1019 4630 1307 4697 possident.
1362 4632 1679 4699 Sigiberlus,
1728 4630 1792 4687 ad
1825 4649 2020 4689 annum

2137 4284 2327 4337 stituit.
2354 4279 2545 4334 Passus
2567 4289 2645 4332 est
2666 4277 2734 4331 29
2764 4277 2961 4331 mensis
2986 4277 3171 4345 Athyr,
3206 4278 3293 4344 qui
3316 4276 3601 4344 respondet
3627 4275 3699 4329 9.5

2139 4353 2334 4407 mensis
2380 4348 2717 4416 Novembris
2756 4364 2873 4401 cum
2902 4348 2973 4400 ‘26
3013 4350 3063 4400 in
3097 4348 3332 4399 Ecclesia
3364 4347 3548 4398 Latina
3576 4347 3695 4415 ejus

2134 4421 2390 4477 memoria
2422 4420 2720 4472 celebratur
2751 4423 2801 4471 in
2836 4419 3073 4486 Romano
3104 4418 3495 4486 Martyrologio.
3519 4415 3713 4469 Grieci'

2131 4509 2221 4546 vnt
2268 4491 2385 4545 Kal.
2438 4490 2708 4549 Deeemb.,
2756 4504 2945 4556 nempe
2971 4485 3042 4539 24
3068 4485 3362 4549 Νονηὲδιιι
3406 4486 3697 4541 celebrant.

2129 4563 2353 4629 Coptzm:
2400 4561 2452 4613 itt
2502 4559 2827 4629 Kalendario
2859 4573 2958 4613 suo
2985 4558 3061 4629 ἐκ]
3093 4556 3127 4607 2
3156 4556 3353 4629 me_nsis
3402 4557 3620 4629 Alltyr,__
3646 4558 3695 4608 in

2127 4625 2443 4686 Seldeniano
2482 4632 2546 4683 ad
2590 4628 2661 4679 25
2685 4628 2941 4696 ejusdem.
2984 4625 3175 4680 Eussa.
3223 4625 3532 4696 Rumpunt,
3560 4626 3695 4696 llist.

451 4705 579 4779 5&5,
608 4717 763 4779 quem
784 4695 1138 4779 penultitjtum
1160 4700 1402 4779 Grati-ani
1422 4695 1563 4779 imp.
1595 4695 1757 4779 fuisse
1785 4705 1931 4771 dicit,
1963 4722 2025 4758 ac
2056 4704 2106 4763 ι)
2132 4703 2546 4779 patriarcharum
2575 4695 2831 4751 Alexand.
2862 4696 3083 4750 Jacobit.
3119 4699 3329 4757 Ευεειι..
3360 4695 3506 4749 Eccl.
3558 4695 3691 4750 liist.

455 4770 677 4838 proinde
701 4786 895 4824 annum
925 4770 1065 4837 582,
1098 4770 1211 4823 hmc
1241 4772 1434 4826 habet:
1489 4791 1507 4824 ι
1532 4775 1586 4827 In
1615 4772 1783 4827 Gallia
1813 4784 2027 4829 sanctus

458 4844 725 4904 Romanus
753 4841 1045 4895 Biaviensis
1073 4841 1222 4894 obiit.
1246 4858 1265 4892 ι

528 4915 556 4952 b
596 4909 759 4965 Petri.
819 4910 916 4965 Hic
955 4925 985 4963 a
1016 4912 1234 4964 Tlieona
1278 4913 1527 4981 episcopo
1567 4913 1928 4968 Alexandrino
1956 4915 2020 4967 ad

455 4983 791 5035 diaconatum
815 4996 1047 5050 moxque
1071 4982 1133 5034 ad
1165 4983 1514 5036 sacerdotium
1547 4994 1818 5051 promotus
1838 4996 1941 5047 est,
1972 4996 2026 5039 et

457 5053 676 5105 'l‘tieona
723 5062 932 5105 mortuo
973 5054 1112 5105 circa
1153 5067 1240 5105 an.
1284 5051 1408 5115 500,
1459 5053 1506 5105 ei
1562 5056 1612 5105 in
1657 5056 2022 5121 episcopatum

458 5121 736 5175 successit.
781 5121 881 5191 [fer
908 5122 1193 5175 triennium
1226 5122 1512 5175 Ecclesiam
1540 5123 2022 5191 administraverat,

460 5208 582 5245 cum
610 5204 750 5243 anno
788 5189 894 5243 505
920 5193 1180 5245 exarserit
1204 5192 1473 5246 dirissima
1504 5192 1812 5248 Diocletiani
1846 5189 2028 5261 perseQ-

460 5263 628 5329 cutio,
658 5263 709 5314 in
739 5275 841 5328 qua
871 5260 1008 5315 inter
1035 5263 1169 5314 alios
1194 5264 1497 5316 innumeros
1523 5264 1708 5317 Petrus
1731 5260 2029 5331 apprehen-

461 5348 554 5384 sus
600 5342 715 5396 est;
778 5345 1004 5400 cumque
1049 5332 1099 5385 id
1146 5332 1453 5400 imperatori
1514 5332 1871 5397 signiﬁcatum
1926 5343 2028 5397 est,

463 5404 730 5453 mandavit
760 5412 812 5452 ut
836 5404 882 5454 ei
914 5410 1075 5468 caput
1103 5403 1523 5456 abscinderetnr.
1558 5404 1821 5456 Achillam
1848 5411 2026 5456 autem

462 5487 584 5525 cuin
611 5471 709 5524 sibi
735 5485 1099 5525 successorem
1138 5474 1489 5541 desigttasset,
1520 5490 1660 5525 anno
1684 5488 1823 5525 nono
1847 5487 2029 5541 perse-

461 5542 717 5605 cntionis,
750 5541 799 5594 id
848 5552 930 5612 est
959 5558 1100 5596 anno
1140 5544 1333 5596 Christi
1378 5545 1505 5605 5H,
1546 5544 1854 5612 martyrium
1894 5557 2024 5595 con~

463 5612 766 5665 tittnitnavit.
828 5610 922 5664 llic
956 5626 1073 5665 cum
1121 5614 1367 5665 scivisset
1412 5615 1589 5666 Arium
1630 5610 1721 5665 sua
1757 5613 2027 5681 impietate

468 5682 650 5735 turbas
678 5684 871 5750 ubique
897 5684 1240 5750 excitantem,
1270 5699 1390 5735 eum
1422 5683 1665 5745 deposuit
1694 5695 1741 5733 et
1787 5683 2025 5735 Ecclesia

466 5751 687 5820 repulit,
719 5760 775 5806 et
803 5767 1067 5820 nunquam
1107 5755 1169 5805 ad
1199 5754 1623 5807 communionem
1668 5752 1916 5807 Ecclesim
1946 5766 2031 5807 re-

2137 4788 2229 4833 vn,
2260 4771 2361 4833 52;
2397 4785 2469 4832 tx,
2492 4768 2545 4820 6.

2210 4814 2544 4893 ἔὶάὶεὲἷῖτιὲζ
2598 4835 2767 4890 Verba
2812 4834 3047 4896 Eusebii,
3082 4834 3172 4887 lib.
3204 4850 3319 4897 vnt,
3351 4848 3469 4901 cap.
3511 4836 3599 4899 tt,
3630 4833 3698 4889 de

2134 4912 2358 4965 muliere
2395 4907 2557 4962 nobili
2604 4908 2958 4960 Alexandrina
2997 4920 3153 4972 quam
3204 4904 3520 4958 Maximinus
3550 4920 3695 4958 ama-

2134 4982 2241 5042 bat,
2285 4995 2403 5046 quae
2446 4978 2702 5031 Baronins
2729 4993 2869 5030 anno
2898 4976 2995 5030 ’507
3028 4974 3259 5046 explicat
3293 4976 3359 5046 de
3407 4977 3697 5046 certamine

2132 5053 2190 5106 S.
2226 5045 2527 5104 Catharina:
2548 5047 2761 5115 virginis
2789 5058 2843 5101 et
2868 5045 3137 5109 martyris,
3167 5046 3234 5115 de
3254 5060 3315 5097 ea
3346 5045 3565 5112 intelligi
3592 5061 3695 5099 non

2133 5129 2373 5189 possunt,
2406 5114 2647 5183 alioquin
2688 5134 2753 5189 ea
2792 5115 3100 5189 martyrium
3146 5114 3245 5189 sub
3275 5115 3561 5168 Maximino
3592 5130 3696 5168 non

2136 5186 2586 5246 consummasset.
2617 5187 2756 5254 quod
2789 5199 2961 5239 tamen
3014 5186 3281 5237 Baronins‘
3306 5196 3546 5238 astruere
3574 5199 3695 5254 con-

2133 5261 2323 5314 tendit.
2378 5258 2434 5313 S.
2465 5252 2765 5310 Catharinte
2804 5265 2917 5308 acta
2948 5256 3082 5320 apud
3115 5254 3329 5310 Snrium
3359 5258 3423 5307 ad
3456 5256 3594 5307 diem
3623 5252 3694 5308 25

2132 5329 2449 5384 Novembris
2475 5328 2692 5379 tradunt
2731 5327 2896 5393 ipsam
2930 5324 3197 5379 Maximini
3239 5326 3387 5392 jussu
3438 5324 3688 5389 martyrio

2135 5401 2415 5463 affectam;
2475 5397 2665 5448 tnulier
2717 5412 2842 5448 vero
2883 5397 2949 5448 de
2993 5410 3093 5462 qua
3147 5395 3379 5461 loquitur
3428 5393 3686 5447 Eusebius

2135 5470 2325 5522 exsilio
2372 5475 2573 5519 tantum
2618 5468 2832 5518 multata
2875 5476 2978 5519 est.
3022 5466 3126 5520 Sed
3157 5482 3250 5517 net:
3280 5464 3390 5530 ipsa
3415 5478 3533 5531 qua:
3557 5462 3696 5533 apud

2140 5541 2529 5605 Metaphrasten
2558 5546 2769 5589 exstant
2797 5534 2951 5601 Acta,
2984 5549 3081 5588 nec
3108 5550 3223 5602 qua:
3250 5533 3361 5605 Leo
3393 5535 3617 5586 Allatins
3646 5533 3699 5587 in

2130 5624 2222 5663 sua
2251 5602 2317 5661 de
2339 5606 2675 5661 Simeonibus
2706 5606 2935 5659 Diatriba
2959 5606 3136 5667 refert,
3161 5602 3388 5670 legit-ima
3412 5613 3553 5668 sunt,
3578 5617 3699 5656 cum

2132 5683 2184 5731 in
2215 5678 2329 5731 istis
2360 5678 2604 5732 dicatur:
2638 5693 2657 5726 ι
2690 5680 2842 5730 Anno
2870 5676 3141 5743 trigesimo
3170 5676 3374 5742 quinto,
3399 5675 3697 5741 imperante

2128 5748 2300 5819 impio
2343 5762 2405 5804 ac
2445 5744 2708 5803 scelerato
2753 5747 3036 5814 Maxentio,
3078 5762 3097 5797 ι
3144 5759 3263 5815 qua:
3293 5758 3511 5813 prorsus
3548 5744 3703 5800 fabu-
