  <div class='ocr_page' id='page_1' title='image "/cluster/home/n/w/nwhite01/storage/ocr_20150623/94/hvd.32044054759659/563.png"; bbox 0 0 4054 6190; ppageno 0'>
   <div class='ocr_carea' id='block_1_1' title="bbox 434 345 570 405">
    <p class='ocr_par' dir='ltr' id='par_1_1' title="bbox 434 345 570 405">
     <span class='ocr_line' id='line_1_1' title="bbox 434 345 570 405; baseline -0.037 0"><span class='ocrx_word' id='word_1_1' title='bbox 434 345 570 405; x_wconf 72' lang='lat' dir='ltr'><strong>IIIS</strong></span> 
     </span>
    </p>
   </div>
   <div class='ocr_carea' id='block_1_2' title="bbox 1143 339 2889 399">
    <p class='ocr_par' dir='ltr' id='par_1_2' title="bbox 1143 339 2889 399">
     <span class='ocr_line' id='line_1_2' title="bbox 1143 339 2889 399; baseline -0.001 -1"><span class='ocrx_word' id='word_1_2' title='bbox 1143 342 1341 399; x_wconf 66' lang='lat'><strong>[1130.13</strong></span> <span class='ocrx_word' id='word_1_3' title='bbox 1386 342 1831 399; x_wconf 77' lang='lat' dir='ltr'><strong>V&#39;ENERABILIS</strong></span> <span class='ocrx_word' id='word_1_4' title='bbox 1867 340 2016 396; x_wconf 85' lang='lat' dir='ltr'><strong>OPP.</strong></span> <span class='ocrx_word' id='word_1_5' title='bbox 2058 339 2232 398; x_wconf 81' lang='lat' dir='ltr'><strong>PARS</strong></span> <span class='ocrx_word' id='word_1_6' title='bbox 2271 340 2355 398; x_wconf 82' lang='lat' dir='ltr'><strong>IV-</strong></span> <span class='ocrx_word' id='word_1_7' title='bbox 2399 372 2469 384; x_wconf 95' lang='lat'><strong>—</strong></span> <span class='ocrx_word' id='word_1_8' title='bbox 2510 340 2889 397; x_wconf 80' lang='lat' dir='ltr'><strong>IIISTORICA.</strong></span> 
     </span>
    </p>
   </div>
   <div class='ocr_carea' id='block_1_3' title="bbox 3540 343 3681 399">
    <p class='ocr_par' dir='ltr' id='par_1_3' title="bbox 3540 343 3681 399">
     <span class='ocr_line' id='line_1_3' title="bbox 3540 343 3681 399; baseline -0.021 0"><span class='ocrx_word' id='word_1_9' title='bbox 3540 343 3681 399; x_wconf 75' lang='grc'><strong>1116</strong></span> 
     </span>
    </p>
   </div>
   <div class='ocr_carea' id='block_1_4' title="bbox 1702 455 2433 511">
    <p class='ocr_par' dir='ltr' id='par_1_4' title="bbox 1702 455 2433 511">
     <span class='ocr_line' id='line_1_4' title="bbox 1702 455 2433 511; baseline 0.001 -1"><span class='ocrx_word' id='word_1_10' title='bbox 1702 455 1927 510; x_wconf 82' lang='lat' dir='ltr'><strong>EDlTlO</strong></span> <span class='ocrx_word' id='word_1_11' title='bbox 1964 455 2433 511; x_wconf 81' lang='lat' dir='ltr'><strong>COLONIENSIS.</strong></span> 
     </span>
    </p>
   </div>
   <div class='ocr_carea' id='block_1_5' title="bbox 426 541 3679 619">
    <p class='ocr_par' dir='ltr' id='par_1_5' title="bbox 426 541 3679 619">
     <span class='ocr_line' id='line_1_5' title="bbox 426 541 3679 619; baseline -0.002 -13"><span class='ocrx_word' id='word_1_12' title='bbox 426 550 587 606; x_wconf 68' lang='lat' dir='ltr'><strong>nimis</strong></span> <span class='ocrx_word' id='word_1_13' title='bbox 630 549 883 614; x_wconf 88' lang='lat' dir='ltr'><strong>candido,</strong></span> <span class='ocrx_word' id='word_1_14' title='bbox 934 548 1071 619; x_wconf 89' lang='lat' dir='ltr'><strong>quod</strong></span> <span class='ocrx_word' id='word_1_15' title='bbox 1117 548 1444 602; x_wconf 88' lang='lat' dir='ltr'><strong>conscissum</strong></span> <span class='ocrx_word' id='word_1_16' title='bbox 1494 561 1522 599; x_wconf 83' lang='lat' dir='ltr'><strong>a</strong></span> <span class='ocrx_word' id='word_1_17' title='bbox 1571 562 1780 600; x_wconf 90' lang='lat' dir='ltr'><strong>summo</strong></span> <span class='ocrx_word' id='word_1_18' title='bbox 1828 561 1993 614; x_wconf 87' lang='lat' dir='ltr'><strong>usque</strong></span> <span class='ocrx_word' id='word_1_19' title='bbox 2021 554 2072 612; x_wconf 77' lang='grc' dir='ltr'><strong>Α</strong></span> <span class='ocrx_word' id='word_1_20' title='bbox 2099 545 2235 600; x_wconf 97' lang='lat' dir='ltr'><strong>beati</strong></span> <span class='ocrx_word' id='word_1_21' title='bbox 2266 544 2498 615; x_wconf 87' lang='lat' dir='ltr'><strong>episc0pi</strong></span> <span class='ocrx_word' id='word_1_22' title='bbox 2523 554 2575 598; x_wconf 90' lang='lat' dir='ltr'><strong>et</strong></span> <span class='ocrx_word' id='word_1_23' title='bbox 2598 545 2868 614; x_wconf 81' lang='lat' dir='ltr'><strong>martyris,</strong></span> <span class='ocrx_word' id='word_1_24' title='bbox 2900 542 2998 596; x_wconf 85' lang='lat' dir='ltr'><strong>sub</strong></span> <span class='ocrx_word' id='word_1_25' title='bbox 3029 542 3295 596; x_wconf 76' lang='lat' dir='ltr'><strong>Antonino</strong></span> <span class='ocrx_word' id='word_1_26' title='bbox 3325 541 3679 616; x_wconf 74' lang='lat' dir='ltr'><strong>imperatore,</strong></span> 
     </span>
    </p>
   </div>
   <div class='ocr_carea' id='block_1_6' title="bbox 427 638 1991 707">
    <p class='ocr_par' dir='ltr' id='par_1_6' title="bbox 427 638 1991 707">
     <span class='ocr_line' id='line_1_6' title="bbox 427 638 1991 707; baseline -0.004 -11"><span class='ocrx_word' id='word_1_27' title='bbox 427 643 696 703; x_wconf 66' lang='lat' dir='ltr'><strong>dcorcum,</strong></span> <span class='ocrx_word' id='word_1_28' title='bbox 727 640 977 695; x_wconf 90' lang='lat' dir='ltr'><strong>ambabus</strong></span> <span class='ocrx_word' id='word_1_29' title='bbox 1004 640 1241 692; x_wconf 89' lang='lat' dir='ltr'><strong>manibus</strong></span> <span class='ocrx_word' id='word_1_30' title='bbox 1268 638 1618 706; x_wconf 71' lang='lat' dir='ltr'><strong>coniungebat</strong></span> <span class='ocrx_word' id='word_1_31' title='bbox 1639 639 1778 693; x_wconf 88' lang='lat' dir='ltr'><strong>circa</strong></span> <span class='ocrx_word' id='word_1_32' title='bbox 1809 648 1991 707; x_wconf 86' lang='lat' dir='ltr'><strong>peetus</strong></span> 
     </span>
    </p>
   </div>
   <div class='ocr_carea' id='block_1_7' title="bbox 422 729 1990 797">
    <p class='ocr_par' dir='ltr' id='par_1_7' title="bbox 422 729 1990 797">
     <span class='ocr_line' id='line_1_7' title="bbox 422 729 1990 797; baseline -0.002 -12"><span class='ocrx_word' id='word_1_33' title='bbox 422 746 613 792; x_wconf 77' lang='lat' dir='ltr'><strong>suum,</strong></span> <span class='ocrx_word' id='word_1_34' title='bbox 670 730 1058 797; x_wconf 87' lang='lat' dir='ltr'><strong>quodammodo</strong></span> <span class='ocrx_word' id='word_1_35' title='bbox 1109 730 1418 797; x_wconf 89' lang='lat' dir='ltr'><strong>cooperiens</strong></span> <span class='ocrx_word' id='word_1_36' title='bbox 1470 729 1761 781; x_wconf 74' lang='lat' dir='ltr'><strong>nuditatem</strong></span> <span class='ocrx_word' id='word_1_37' title='bbox 1818 742 1990 782; x_wconf 90' lang='lat' dir='ltr'><strong>suam.</strong></span> 
     </span>
    </p>
   </div>
   <div class='ocr_carea' id='block_1_8' title="bbox 424 819 1992 889">
    <p class='ocr_par' dir='ltr' id='par_1_8' title="bbox 424 819 1992 889">
     <span class='ocr_line' id='line_1_8' title="bbox 424 819 1992 889; baseline -0.003 -14"><span class='ocrx_word' id='word_1_38' title='bbox 424 823 592 888; x_wconf 87' lang='lat' dir='ltr'><strong>Quem</strong></span> <span class='ocrx_word' id='word_1_39' title='bbox 622 834 679 876; x_wconf 98' lang='grc' dir='ltr'><strong>ιιι</strong></span> <span class='ocrx_word' id='word_1_40' title='bbox 710 824 848 889; x_wconf 87' lang='lat' dir='ltr'><strong>vidi,</strong></span> <span class='ocrx_word' id='word_1_41' title='bbox 884 823 1070 875; x_wconf 86' lang='lat' dir='ltr'><strong>timore</strong></span> <span class='ocrx_word' id='word_1_42' title='bbox 1102 821 1263 873; x_wconf 92' lang='lat' dir='ltr'><strong>nimio</strong></span> <span class='ocrx_word' id='word_1_43' title='bbox 1292 830 1587 886; x_wconf 87' lang='lat' dir='ltr'><strong>correptus,</strong></span> <span class='ocrx_word' id='word_1_44' title='bbox 1621 819 1829 872; x_wconf 78' lang='lat' dir='ltr'><strong>tandem</strong></span> <span class='ocrx_word' id='word_1_45' title='bbox 1860 833 1992 871; x_wconf 91' lang='lat' dir='ltr'><strong>con-</strong></span> 
     </span>
    </p>
   </div>
   <div class='ocr_carea' id='block_1_9' title="bbox 423 909 1993 979">
    <p class='ocr_par' dir='ltr' id='par_1_9' title="bbox 423 909 1993 979">
     <span class='ocr_line' id='line_1_9' title="bbox 423 909 1993 979; baseline -0.004 -12"><span class='ocrx_word' id='word_1_46' title='bbox 423 914 651 969; x_wconf 80' lang='lat' dir='ltr'><strong>fortatus</strong></span> <span class='ocrx_word' id='word_1_47' title='bbox 678 916 760 968; x_wconf 88' lang='lat' dir='ltr'><strong>aio</strong></span> <span class='ocrx_word' id='word_1_48' title='bbox 787 915 849 966; x_wconf 90' lang='lat' dir='ltr'><strong>ad</strong></span> <span class='ocrx_word' id='word_1_49' title='bbox 882 928 998 966; x_wconf 88' lang='lat' dir='ltr'><strong>eum</strong></span> <span class='ocrx_word' id='word_1_50' title='bbox 1031 932 1043 966; x_wconf 91' lang='lat'><strong>:</strong></span> <span class='ocrx_word' id='word_1_51' title='bbox 1074 913 1206 979; x_wconf 85' lang='lat' dir='ltr'><strong>Quid</strong></span> <span class='ocrx_word' id='word_1_52' title='bbox 1235 911 1352 966; x_wconf 75' lang='lat' dir='ltr'><strong>est?</strong></span> <span class='ocrx_word' id='word_1_53' title='bbox 1395 912 1607 965; x_wconf 81' lang='lat' dir='ltr'><strong>domine</strong></span> <span class='ocrx_word' id='word_1_54' title='bbox 1627 952 1639 973; x_wconf 92' lang='lat'><strong>,</strong></span> <span class='ocrx_word' id='word_1_55' title='bbox 1670 909 1807 979; x_wconf 86' lang='lat' dir='ltr'><strong>quod</strong></span> <span class='ocrx_word' id='word_1_56' title='bbox 1841 909 1993 964; x_wconf 89' lang='lat' dir='ltr'><strong>video</strong></span> 
     </span>
    </p>
   </div>
   <div class='ocr_carea' id='block_1_10' title="bbox 426 1000 1991 1071">
    <p class='ocr_par' dir='ltr' id='par_1_10' title="bbox 426 1000 1991 1071">
     <span class='ocr_line' id='line_1_10' title="bbox 426 1000 1991 1071; baseline -0.004 -13"><span class='ocrx_word' id='word_1_57' title='bbox 426 1008 653 1059; x_wconf 80' lang='lat' dir='ltr'><strong>tunicam</strong></span> <span class='ocrx_word' id='word_1_58' title='bbox 687 1014 823 1057; x_wconf 90' lang='lat' dir='ltr'><strong>tuam</strong></span> <span class='ocrx_word' id='word_1_59' title='bbox 853 1004 1071 1057; x_wconf 83' lang='lat' dir='ltr'><strong>scissam</strong></span> <span class='ocrx_word' id='word_1_60' title='bbox 1100 1020 1127 1055; x_wconf 93' lang='lat' dir='ltr'><strong>a</strong></span> <span class='ocrx_word' id='word_1_61' title='bbox 1157 1018 1363 1055; x_wconf 89' lang='lat' dir='ltr'><strong>summo</strong></span> <span class='ocrx_word' id='word_1_62' title='bbox 1393 1018 1558 1071; x_wconf 82' lang='lat' dir='ltr'><strong>usque</strong></span> <span class='ocrx_word' id='word_1_63' title='bbox 1583 1001 1868 1055; x_wconf 85' lang='lat' dir='ltr'><strong>deorsum?</strong></span> <span class='ocrx_word' id='word_1_64' title='bbox 1894 1000 1991 1066; x_wconf 84' lang='lat' dir='ltr'><strong>Qui</strong></span> 
     </span>
    </p>
   </div>
   <div class='ocr_carea' id='block_1_11' title="bbox 422 1092 1992 1161">
    <p class='ocr_par' dir='ltr' id='par_1_11' title="bbox 422 1092 1992 1161">
     <span class='ocr_line' id='line_1_11' title="bbox 422 1092 1992 1161; baseline -0.003 -14"><span class='ocrx_word' id='word_1_65' title='bbox 422 1096 752 1161; x_wconf 66' lang='lat' dir='ltr'><strong>re~pondens</strong></span> <span class='ocrx_word' id='word_1_66' title='bbox 796 1093 929 1147; x_wconf 82' lang='lat' dir='ltr'><strong>dixit</strong></span> <span class='ocrx_word' id='word_1_67' title='bbox 978 1092 1104 1145; x_wconf 91' lang='lat' dir='ltr'><strong>mihi</strong></span> <span class='ocrx_word' id='word_1_68' title='bbox 1152 1110 1162 1144; x_wconf 94' lang='lat'>:</span> <span class='ocrx_word' id='word_1_69' title='bbox 1205 1092 1457 1157; x_wconf 87' lang='lat' dir='ltr'><strong>Quotidie</strong></span> <span class='ocrx_word' id='word_1_70' title='bbox 1506 1092 1626 1144; x_wconf 83' lang='lat' dir='ltr'><strong>inde</strong></span> <span class='ocrx_word' id='word_1_71' title='bbox 1677 1102 1887 1155; x_wconf 87' lang='lat' dir='ltr'><strong>tractas,</strong></span> <span class='ocrx_word' id='word_1_72' title='bbox 1941 1100 1992 1145; x_wconf 89' lang='lat' dir='ltr'><strong>et</strong></span> 
     </span>
    </p>
   </div>
   <div class='ocr_carea' id='block_1_12' title="bbox 422 1181 1990 1253">
    <p class='ocr_par' dir='ltr' id='par_1_12' title="bbox 422 1181 1990 1253">
     <span class='ocr_line' id='line_1_12' title="bbox 422 1181 1990 1253; baseline -0.004 -14"><span class='ocrx_word' id='word_1_73' title='bbox 422 1199 490 1239; x_wconf 91' lang='lat' dir='ltr'><strong>ne</strong></span> <span class='ocrx_word' id='word_1_74' title='bbox 520 1186 595 1238; x_wconf 88' lang='lat' dir='ltr'><strong>cis</strong></span> <span class='ocrx_word' id='word_1_75' title='bbox 633 1185 898 1253; x_wconf 89' lang='lat' dir='ltr'><strong>quomodo</strong></span> <span class='ocrx_word' id='word_1_76' title='bbox 940 1185 1099 1237; x_wconf 82' lang='lat' dir='ltr'><strong>scissa</strong></span> <span class='ocrx_word' id='word_1_77' title='bbox 1132 1194 1231 1236; x_wconf 91' lang='lat' dir='ltr'><strong>est.</strong></span> <span class='ocrx_word' id='word_1_78' title='bbox 1265 1184 1421 1235; x_wconf 85' lang='lat' dir='ltr'><strong>Arius</strong></span> <span class='ocrx_word' id='word_1_79' title='bbox 1454 1198 1679 1249; x_wconf 83' lang='lat' dir='ltr'><strong>namque</strong></span> <span class='ocrx_word' id='word_1_80' title='bbox 1719 1181 1819 1235; x_wconf 91' lang='lat' dir='ltr'><strong>hoc</strong></span> <span class='ocrx_word' id='word_1_81' title='bbox 1851 1182 1990 1244; x_wconf 84' lang='lat' dir='ltr'><strong>fecit,</strong></span> 
     </span>
    </p>
   </div>
   <div class='ocr_carea' id='block_1_13' title="bbox 421 1274 1993 1346">
    <p class='ocr_par' dir='ltr' id='par_1_13' title="bbox 421 1274 1993 1346">
     <span class='ocr_line' id='line_1_13' title="bbox 421 1274 1993 1346; baseline -0.004 -16"><span class='ocrx_word' id='word_1_82' title='bbox 421 1276 509 1346; x_wconf 91' lang='lat' dir='ltr'><strong>qui</strong></span> <span class='ocrx_word' id='word_1_83' title='bbox 538 1276 808 1344; x_wconf 77' lang='lat' dir='ltr'><strong>separavit</strong></span> <span class='ocrx_word' id='word_1_84' title='bbox 836 1290 865 1329; x_wconf 92' lang='lat' dir='ltr'><strong>a</strong></span> <span class='ocrx_word' id='word_1_85' title='bbox 897 1289 983 1328; x_wconf 88' lang='lat' dir='ltr'><strong>me</strong></span> <span class='ocrx_word' id='word_1_86' title='bbox 1026 1274 1275 1343; x_wconf 85' lang='lat' dir='ltr'><strong>populum</strong></span> <span class='ocrx_word' id='word_1_87' title='bbox 1308 1274 1632 1326; x_wconf 71' lang='lat' dir='ltr'><strong>haereditatis</strong></span> <span class='ocrx_word' id='word_1_88' title='bbox 1662 1288 1814 1335; x_wconf 66' lang='lat' dir='ltr'><strong>mene,</strong></span> <span class='ocrx_word' id='word_1_89' title='bbox 1848 1287 1993 1325; x_wconf 85' lang='lat' dir='ltr'><strong>com-</strong></span> 
     </span>
    </p>
   </div>
   <div class='ocr_carea' id='block_1_14' title="bbox 421 1363 1989 1436">
    <p class='ocr_par' dir='ltr' id='par_1_14' title="bbox 421 1363 1989 1436">
     <span class='ocr_line' id='line_1_14' title="bbox 421 1363 1989 1436; baseline -0.003 -17"><span class='ocrx_word' id='word_1_90' title='bbox 421 1381 661 1436; x_wconf 86' lang='lat' dir='ltr'><strong>paratum</strong></span> <span class='ocrx_word' id='word_1_91' title='bbox 705 1367 958 1433; x_wconf 79' lang='lat' dir='ltr'><strong>sanguine</strong></span> <span class='ocrx_word' id='word_1_92' title='bbox 990 1380 1130 1419; x_wconf 91' lang='lat' dir='ltr'><strong>meo.</strong></span> <span class='ocrx_word' id='word_1_93' title='bbox 1181 1363 1433 1432; x_wconf 80' lang='lat' dir='ltr'><strong>Praecipio</strong></span> <span class='ocrx_word' id='word_1_94' title='bbox 1476 1379 1635 1427; x_wconf 92' lang='lat' dir='ltr'><strong>nunc,</strong></span> <span class='ocrx_word' id='word_1_95' title='bbox 1682 1372 1734 1417; x_wconf 87' lang='lat' dir='ltr'><strong>ct</strong></span> <span class='ocrx_word' id='word_1_96' title='bbox 1777 1377 1989 1428; x_wconf 87' lang='lat' dir='ltr'><strong>moneo,</strong></span> 
     </span>
    </p>
   </div>
   <div class='ocr_carea' id='block_1_15' title="bbox 422 1454 1993 1525">
    <p class='ocr_par' dir='ltr' id='par_1_15' title="bbox 422 1454 1993 1525">
     <span class='ocr_line' id='line_1_15' title="bbox 422 1454 1993 1525; baseline -0.003 -14"><span class='ocrx_word' id='word_1_97' title='bbox 422 1473 489 1513; x_wconf 90' lang='lat' dir='ltr'><strong>ne</strong></span> <span class='ocrx_word' id='word_1_98' title='bbox 519 1475 637 1513; x_wconf 89' lang='lat' dir='ltr'><strong>cum</strong></span> <span class='ocrx_word' id='word_1_99' title='bbox 669 1458 893 1525; x_wconf 68' lang='lat' dir='ltr'><strong>recipias</strong></span> <span class='ocrx_word' id='word_1_100' title='bbox 937 1456 989 1509; x_wconf 92' lang='lat' dir='ltr'><strong>in</strong></span> <span class='ocrx_word' id='word_1_101' title='bbox 1035 1456 1495 1521; x_wconf 81' lang='lat' dir='ltr'><strong>communionem;</strong></span> <span class='ocrx_word' id='word_1_102' title='bbox 1547 1470 1643 1508; x_wconf 87' lang='lat' dir='ltr'><strong>nec</strong></span> <span class='ocrx_word' id='word_1_103' title='bbox 1686 1454 1993 1522; x_wconf 81' lang='lat' dir='ltr'><strong>rogantibus</strong></span> 
     </span>
    </p>
   </div>
   <div class='ocr_carea' id='block_1_16' title="bbox 420 1550 1989 1621">
    <p class='ocr_par' dir='ltr' id='par_1_16' title="bbox 420 1550 1989 1621">
     <span class='ocr_line' id='line_1_16' title="bbox 420 1550 1989 1621; baseline -0.002 -17"><span class='ocrx_word' id='word_1_104' title='bbox 420 1552 501 1605; x_wconf 89' lang='lat' dir='ltr'><strong>his</strong></span> <span class='ocrx_word' id='word_1_105' title='bbox 524 1553 610 1621; x_wconf 90' lang='lat' dir='ltr'><strong>qui</strong></span> <span class='ocrx_word' id='word_1_106' title='bbox 643 1557 843 1605; x_wconf 86' lang='lat' dir='ltr'><strong>venturi</strong></span> <span class='ocrx_word' id='word_1_107' title='bbox 872 1562 993 1603; x_wconf 91' lang='lat' dir='ltr'><strong>sunt</strong></span> <span class='ocrx_word' id='word_1_108' title='bbox 1020 1552 1082 1603; x_wconf 92' lang='lat' dir='ltr'><strong>ad</strong></span> <span class='ocrx_word' id='word_1_109' title='bbox 1116 1558 1184 1613; x_wconf 90' lang='lat' dir='ltr'><strong>te,</strong></span> <span class='ocrx_word' id='word_1_110' title='bbox 1211 1566 1339 1617; x_wconf 89' lang='lat' dir='ltr'><strong>quos</strong></span> <span class='ocrx_word' id='word_1_111' title='bbox 1368 1552 1455 1603; x_wconf 81' lang='lat' dir='ltr'><strong>ille</strong></span> <span class='ocrx_word' id='word_1_112' title='bbox 1482 1550 1755 1611; x_wconf 76' lang='lat' dir='ltr'><strong>direxerit,</strong></span> <span class='ocrx_word' id='word_1_113' title='bbox 1783 1551 1989 1603; x_wconf 82' lang='lat' dir='ltr'><strong>veniam</strong></span> 
     </span>
    </p>
   </div>
   <div class='ocr_carea' id='block_1_17' title="bbox 417 1640 1992 1713">
    <p class='ocr_par' dir='ltr' id='par_1_17' title="bbox 417 1640 1992 1713">
     <span class='ocr_line' id='line_1_17' title="bbox 417 1640 1992 1713; baseline -0.001 -16"><span class='ocrx_word' id='word_1_114' title='bbox 417 1646 468 1697; x_wconf 88' lang='lat' dir='ltr'><strong>ei</strong></span> <span class='ocrx_word' id='word_1_115' title='bbox 509 1660 575 1699; x_wconf 87' lang='lat' dir='ltr'><strong>ne</strong></span> <span class='ocrx_word' id='word_1_116' title='bbox 617 1655 854 1712; x_wconf 75' lang='lat' dir='ltr'><strong>prmstes.</strong></span> <span class='ocrx_word' id='word_1_117' title='bbox 904 1644 1026 1698; x_wconf 72' lang='lat' dir='ltr'><strong>Ilmc</strong></span> <span class='ocrx_word' id='word_1_118' title='bbox 1069 1659 1187 1713; x_wconf 76' lang='lat' dir='ltr'><strong>qua:</strong></span> <span class='ocrx_word' id='word_1_119' title='bbox 1233 1644 1322 1697; x_wconf 84' lang='lat' dir='ltr'><strong>tibi</strong></span> <span class='ocrx_word' id='word_1_120' title='bbox 1376 1643 1742 1706; x_wconf 88' lang='lat' dir='ltr'><strong>manifestavi,</strong></span> <span class='ocrx_word' id='word_1_121' title='bbox 1786 1640 1992 1695; x_wconf 88' lang='lat' dir='ltr'><strong>duobus</strong></span> 
     </span>
    </p>
   </div>
   <div class='ocr_carea' id='block_1_18' title="bbox 418 1734 1991 1806">
    <p class='ocr_par' dir='ltr' id='par_1_18' title="bbox 418 1734 1991 1806">
     <span class='ocr_line' id='line_1_18' title="bbox 418 1734 1991 1806; baseline -0.001 -17"><span class='ocrx_word' id='word_1_122' title='bbox 418 1736 739 1806; x_wconf 80' lang='lat' dir='ltr'><strong>presbyteris</strong></span> <span class='ocrx_word' id='word_1_123' title='bbox 781 1748 833 1788; x_wconf 94' lang='lat' dir='ltr'><strong>tu</strong></span> <span class='ocrx_word' id='word_1_124' title='bbox 876 1746 1054 1789; x_wconf 90' lang='lat' dir='ltr'><strong>notum</strong></span> <span class='ocrx_word' id='word_1_125' title='bbox 1097 1734 1278 1803; x_wconf 80' lang='lat' dir='ltr'><strong>facias,</strong></span> <span class='ocrx_word' id='word_1_126' title='bbox 1324 1746 1380 1788; x_wconf 92' lang='lat' dir='ltr'><strong>ut</strong></span> <span class='ocrx_word' id='word_1_127' title='bbox 1429 1735 1527 1801; x_wconf 79' lang='lat' dir='ltr'><strong>ipsi</strong></span> <span class='ocrx_word' id='word_1_128' title='bbox 1580 1745 1695 1800; x_wconf 81' lang='lat' dir='ltr'><strong>post</strong></span> <span class='ocrx_word' id='word_1_129' title='bbox 1741 1742 1819 1800; x_wconf 91' lang='lat' dir='ltr'><strong>te,</strong></span> <span class='ocrx_word' id='word_1_130' title='bbox 1870 1748 1991 1787; x_wconf 90' lang='lat' dir='ltr'><strong>eum</strong></span> 
     </span>
    </p>
   </div>
   <div class='ocr_carea' id='block_1_19' title="bbox 382 1830 1991 1899">
    <p class='ocr_par' dir='ltr' id='par_1_19' title="bbox 382 1830 1991 1899">
     <span class='ocr_line' id='line_1_19' title="bbox 382 1830 1991 1899; baseline 0.001 -16"><span class='ocrx_word' id='word_1_131' title='bbox 382 1848 385 1853; x_wconf 51' lang='grc' dir='ltr'>ν</span> <span class='ocrx_word' id='word_1_132' title='bbox 418 1830 913 1884; x_wconf 80' lang='lat' dir='ltr'><strong>anathematizando</strong></span> <span class='ocrx_word' id='word_1_133' title='bbox 943 1830 1228 1898; x_wconf 81' lang='lat' dir='ltr'><strong>abjieiant,</strong></span> <span class='ocrx_word' id='word_1_134' title='bbox 1270 1846 1336 1884; x_wconf 92' lang='lat' dir='ltr'><strong>ne</strong></span> <span class='ocrx_word' id='word_1_135' title='bbox 1378 1832 1601 1899; x_wconf 89' lang='lat' dir='ltr'><strong>populus</strong></span> <span class='ocrx_word' id='word_1_136' title='bbox 1641 1830 1781 1883; x_wconf 92' lang='lat' dir='ltr'><strong>illius</strong></span> <span class='ocrx_word' id='word_1_137' title='bbox 1812 1844 1991 1884; x_wconf 87' lang='lat' dir='ltr'><strong>errore</strong></span> 
     </span>
    </p>
   </div>
   <div class='ocr_carea' id='block_1_20' title="bbox 2095 636 3668 706">
    <p class='ocr_par' dir='ltr' id='par_1_20' title="bbox 2095 636 3668 706">
     <span class='ocr_line' id='line_1_20' title="bbox 2095 636 3668 706; baseline 0.001 -15"><span class='ocrx_word' id='word_1_138' title='bbox 2095 642 2183 706; x_wconf 92' lang='lat' dir='ltr'><strong>qui</strong></span> <span class='ocrx_word' id='word_1_139' title='bbox 2236 642 2373 693; x_wconf 86' lang='lat' dir='ltr'><strong>inter</strong></span> <span class='ocrx_word' id='word_1_140' title='bbox 2417 639 2518 692; x_wconf 90' lang='lat' dir='ltr'><strong>alia</strong></span> <span class='ocrx_word' id='word_1_141' title='bbox 2571 638 2703 692; x_wconf 85' lang='lat' dir='ltr'><strong>facta</strong></span> <span class='ocrx_word' id='word_1_142' title='bbox 2755 636 3008 690; x_wconf 90' lang='lat' dir='ltr'><strong>miracula</strong></span> <span class='ocrx_word' id='word_1_143' title='bbox 3058 646 3321 690; x_wconf 92' lang='lat' dir='ltr'><strong>mortuum</strong></span> <span class='ocrx_word' id='word_1_144' title='bbox 3372 637 3668 691; x_wconf 81' lang='lat' dir='ltr'><strong>suscitavit.</strong></span> 
     </span>
    </p>
   </div>
   <div class='ocr_carea' id='block_1_21' title="bbox 2095 722 3674 798">
    <p class='ocr_par' dir='ltr' id='par_1_21' title="bbox 2095 722 3674 798">
     <span class='ocr_line' id='line_1_21' title="bbox 2095 722 3674 798; baseline -0.003 -15"><span class='ocrx_word' id='word_1_145' title='bbox 2095 730 2275 784; x_wconf 70' lang='lat' dir='ltr'><strong>Romae</strong></span> <span class='ocrx_word' id='word_1_146' title='bbox 2305 728 2497 798; x_wconf 85' lang='lat' dir='ltr'><strong>Syricii</strong></span> <span class='ocrx_word' id='word_1_147' title='bbox 2528 727 2799 795; x_wconf 90' lang='lat' dir='ltr'><strong>episcopi,</strong></span> <span class='ocrx_word' id='word_1_148' title='bbox 2831 734 2882 779; x_wconf 90' lang='lat' dir='ltr'><strong>et</strong></span> <span class='ocrx_word' id='word_1_149' title='bbox 2916 726 2965 778; x_wconf 90' lang='lat' dir='ltr'><strong>in</strong></span> <span class='ocrx_word' id='word_1_150' title='bbox 2997 722 3174 793; x_wconf 90' lang='lat' dir='ltr'><strong>Capua</strong></span> <span class='ocrx_word' id='word_1_151' title='bbox 3204 723 3506 789; x_wconf 87' lang='lat' dir='ltr'><strong>Nicanoris,</strong></span> <span class='ocrx_word' id='word_1_152' title='bbox 3538 723 3674 778; x_wconf 88' lang='lat' dir='ltr'><strong>Cas-</strong></span> 
     </span>
    </p>
   </div>
   <div class='ocr_carea' id='block_1_22' title="bbox 2095 813 3674 884">
    <p class='ocr_par' dir='ltr' id='par_1_22' title="bbox 2095 813 3674 884">
     <span class='ocr_line' id='line_1_22' title="bbox 2095 813 3674 884; baseline -0.001 -12"><span class='ocrx_word' id='word_1_153' title='bbox 2095 819 2226 872; x_wconf 90' lang='lat' dir='ltr'><strong>siani</strong></span> <span class='ocrx_word' id='word_1_154' title='bbox 2279 827 2333 871; x_wconf 88' lang='lat' dir='ltr'><strong>et</strong></span> <span class='ocrx_word' id='word_1_155' title='bbox 2379 816 2715 871; x_wconf 88' lang='lat' dir='ltr'><strong>Felicissimi.</strong></span> <span class='ocrx_word' id='word_1_156' title='bbox 2768 814 3152 884; x_wconf 74' lang='lat' dir='ltr'><strong>Augustuduno</strong></span> <span class='ocrx_word' id='word_1_157' title='bbox 3197 813 3461 883; x_wconf 90' lang='lat' dir='ltr'><strong>depositio</strong></span> <span class='ocrx_word' id='word_1_158' title='bbox 3506 819 3674 871; x_wconf 86' lang='lat' dir='ltr'><strong>saneti</strong></span> 
     </span>
    </p>
   </div>
   <div class='ocr_carea' id='block_1_23' title="bbox 2096 904 3675 975">
    <p class='ocr_par' dir='ltr' id='par_1_23' title="bbox 2096 904 3675 975">
     <span class='ocr_line' id='line_1_23' title="bbox 2096 904 3675 975; baseline -0.003 -14"><span class='ocrx_word' id='word_1_159' title='bbox 2096 908 2362 961; x_wconf 70' lang='lat' dir='ltr'><strong>Amatoris</strong></span> <span class='ocrx_word' id='word_1_160' title='bbox 2401 905 2659 975; x_wconf 88' lang='lat' dir='ltr'><strong>episcopi.</strong></span> <span class='ocrx_word' id='word_1_161' title='bbox 2707 905 2763 958; x_wconf 91' lang='lat' dir='ltr'><strong>In</strong></span> <span class='ocrx_word' id='word_1_162' title='bbox 2803 904 3108 959; x_wconf 86' lang='lat' dir='ltr'><strong>Nicomedia</strong></span> <span class='ocrx_word' id='word_1_163' title='bbox 3150 905 3290 958; x_wconf 89' lang='lat' dir='ltr'><strong>beati</strong></span> <span class='ocrx_word' id='word_1_164' title='bbox 3333 904 3546 959; x_wconf 75' lang='lat' dir='ltr'><strong>Marculi</strong></span> <span class='ocrx_word' id='word_1_165' title='bbox 3588 922 3675 957; x_wconf 81' lang='lat' dir='ltr'><strong>sa-</strong></span> 
     </span>
    </p>
   </div>
   <div class='ocr_carea' id='block_1_24' title="bbox 2093 994 3675 1066">
    <p class='ocr_par' dir='ltr' id='par_1_24' title="bbox 2093 994 3675 1066">
     <span class='ocr_line' id='line_1_24' title="bbox 2093 994 3675 1066; baseline 0 -17"><span class='ocrx_word' id='word_1_166' title='bbox 2093 996 2325 1050; x_wconf 88' lang='lat' dir='ltr'><strong>cerdotis</strong></span> <span class='ocrx_word' id='word_1_167' title='bbox 2351 1005 2405 1050; x_wconf 89' lang='lat' dir='ltr'><strong>et</strong></span> <span class='ocrx_word' id='word_1_168' title='bbox 2434 995 2701 1066; x_wconf 85' lang='lat' dir='ltr'><strong>martyris,</strong></span> <span class='ocrx_word' id='word_1_169' title='bbox 2725 996 2813 1064; x_wconf 87' lang='lat' dir='ltr'><strong>qui</strong></span> <span class='ocrx_word' id='word_1_170' title='bbox 2845 995 3172 1062; x_wconf 88' lang='lat' dir='ltr'><strong>temporibus</strong></span> <span class='ocrx_word' id='word_1_171' title='bbox 3201 994 3505 1049; x_wconf 70' lang='lat' dir='ltr'><strong>Constantis</strong></span> <span class='ocrx_word' id='word_1_172' title='bbox 3536 999 3675 1060; x_wconf 71' lang='lat' dir='ltr'><strong>regis</strong></span> 
     </span>
    </p>
   </div>
   <div class='ocr_carea' id='block_1_25' title="bbox 2096 1087 3677 1157">
    <p class='ocr_par' dir='ltr' id='par_1_25' title="bbox 2096 1087 3677 1157">
     <span class='ocr_line' id='line_1_25' title="bbox 2096 1087 3677 1157; baseline 0.001 -18"><span class='ocrx_word' id='word_1_173' title='bbox 2096 1087 2305 1157; x_wconf 80' lang='lat' dir='ltr'><strong>tyranni</strong></span> <span class='ocrx_word' id='word_1_174' title='bbox 2357 1089 2754 1154; x_wconf 90' lang='lat' dir='ltr'><strong>persecutiones</strong></span> <span class='ocrx_word' id='word_1_175' title='bbox 2796 1087 3053 1140; x_wconf 84' lang='lat' dir='ltr'><strong>maximas</strong></span> <span class='ocrx_word' id='word_1_176' title='bbox 3103 1087 3335 1155; x_wconf 89' lang='lat' dir='ltr'><strong>pertulit,</strong></span> <span class='ocrx_word' id='word_1_177' title='bbox 3382 1088 3447 1141; x_wconf 90' lang='lat' dir='ltr'><strong>ad</strong></span> <span class='ocrx_word' id='word_1_178' title='bbox 3491 1099 3677 1141; x_wconf 85' lang='lat' dir='ltr'><strong>extre-</strong></span> 
     </span>
    </p>
   </div>
   <div class='ocr_carea' id='block_1_26' title="bbox 2094 1178 3144 1249">
    <p class='ocr_par' dir='ltr' id='par_1_26' title="bbox 2094 1178 3144 1249">
     <span class='ocr_line' id='line_1_26' title="bbox 2094 1178 3144 1249; baseline 0 -16"><span class='ocrx_word' id='word_1_179' title='bbox 2094 1196 2237 1233; x_wconf 90' lang='lat' dir='ltr'><strong>mum</strong></span> <span class='ocrx_word' id='word_1_180' title='bbox 2267 1181 2334 1234; x_wconf 91' lang='lat' dir='ltr'><strong>ab</strong></span> <span class='ocrx_word' id='word_1_181' title='bbox 2360 1183 2463 1233; x_wconf 88' lang='lat' dir='ltr'><strong>alta</strong></span> <span class='ocrx_word' id='word_1_182' title='bbox 2494 1195 2624 1247; x_wconf 88' lang='lat' dir='ltr'><strong>rupe</strong></span> <span class='ocrx_word' id='word_1_183' title='bbox 2654 1178 3015 1249; x_wconf 71' lang='lat' dir='ltr'><strong>praacipitatus</strong></span> <span class='ocrx_word' id='word_1_184' title='bbox 3042 1188 3144 1234; x_wconf 88' lang='lat' dir='ltr'><strong>est.</strong></span> 
     </span>
    </p>
   </div>
   <div class='ocr_carea' id='block_1_27' title="bbox 2168 1289 3674 1363">
    <p class='ocr_par' dir='ltr' id='par_1_27' title="bbox 2168 1289 3674 1363">
     <span class='ocr_line' id='line_1_27' title="bbox 2168 1289 3674 1363; baseline 0.003 -21"><span class='ocrx_word' id='word_1_185' title='bbox 2168 1292 2225 1343; x_wconf 83' lang='grc' dir='ltr'><strong>Β.</strong></span> <span class='ocrx_word' id='word_1_186' title='bbox 2270 1291 2307 1342; x_wconf 78' lang='grc' dir='ltr'><strong>ν</strong></span> <span class='ocrx_word' id='word_1_187' title='bbox 2351 1289 2484 1345; x_wconf 62' lang='lat' dir='ltr'><strong>Kac.</strong></span> <span class='ocrx_word' id='word_1_188' title='bbox 2530 1292 2763 1345; x_wconf 71' lang='lat' dir='ltr'><strong>Dacsua.</strong></span> <span class='ocrx_word' id='word_1_189' title='bbox 2804 1290 2989 1345; x_wconf 70' lang='lat' dir='ltr'><strong>Natale</strong></span> <span class='ocrx_word' id='word_1_190' title='bbox 3030 1300 3333 1346; x_wconf 85' lang='lat' dir='ltr'><strong>sanctorum</strong></span> <span class='ocrx_word' id='word_1_191' title='bbox 3382 1300 3674 1363; x_wconf 83' lang='lat' dir='ltr'><strong>martyrum</strong></span> 
     </span>
    </p>
   </div>
   <div class='ocr_carea' id='block_1_28' title="bbox 2096 1378 3676 1449">
    <p class='ocr_par' dir='ltr' id='par_1_28' title="bbox 2096 1378 3676 1449">
     <span class='ocr_line' id='line_1_28' title="bbox 2096 1378 3676 1449; baseline 0.004 -20"><span class='ocrx_word' id='word_1_192' title='bbox 2096 1380 2279 1434; x_wconf 78' lang='lat' dir='ltr'><strong>Vitalis</strong></span> <span class='ocrx_word' id='word_1_193' title='bbox 2309 1390 2360 1433; x_wconf 91' lang='lat' dir='ltr'><strong>et</strong></span> <span class='ocrx_word' id='word_1_194' title='bbox 2390 1379 2651 1449; x_wconf 65' lang='lat' dir='ltr'><strong>Agricolae</strong></span> <span class='ocrx_word' id='word_1_195' title='bbox 2672 1421 2687 1443; x_wconf 89' lang='lat'><strong>,</strong></span> <span class='ocrx_word' id='word_1_196' title='bbox 2719 1378 2808 1448; x_wconf 89' lang='lat' dir='ltr'><strong>qui</strong></span> <span class='ocrx_word' id='word_1_197' title='bbox 2849 1380 2985 1447; x_wconf 91' lang='lat' dir='ltr'><strong>apud</strong></span> <span class='ocrx_word' id='word_1_198' title='bbox 3028 1379 3320 1435; x_wconf 89' lang='lat' dir='ltr'><strong>Bononiam</strong></span> <span class='ocrx_word' id='word_1_199' title='bbox 3353 1382 3538 1436; x_wconf 85' lang='lat' dir='ltr'><strong>urbem</strong></span> <span class='ocrx_word' id='word_1_200' title='bbox 3570 1381 3676 1436; x_wconf 85' lang='lat' dir='ltr'><strong>Ita-</strong></span> 
     </span>
    </p>
   </div>
   <div class='ocr_carea' id='block_1_29' title="bbox 2095 1470 3678 1541">
    <p class='ocr_par' dir='ltr' id='par_1_29' title="bbox 2095 1470 3678 1541">
     <span class='ocr_line' id='line_1_29' title="bbox 2095 1470 3678 1541; baseline 0.003 -20"><span class='ocrx_word' id='word_1_201' title='bbox 2095 1470 2175 1524; x_wconf 84' lang='lat' dir='ltr'><strong>liae</strong></span> <span class='ocrx_word' id='word_1_202' title='bbox 2220 1481 2336 1537; x_wconf 90' lang='lat' dir='ltr'><strong>post</strong></span> <span class='ocrx_word' id='word_1_203' title='bbox 2376 1471 2478 1523; x_wconf 89' lang='lat' dir='ltr'><strong>alia</strong></span> <span class='ocrx_word' id='word_1_204' title='bbox 2524 1479 2783 1525; x_wconf 87' lang='lat' dir='ltr'><strong>tormenta</strong></span> <span class='ocrx_word' id='word_1_205' title='bbox 2826 1470 3012 1525; x_wconf 91' lang='lat' dir='ltr'><strong>ultimo</strong></span> <span class='ocrx_word' id='word_1_206' title='bbox 3055 1470 3317 1536; x_wconf 83' lang='lat' dir='ltr'><strong>cruciﬁxi,</strong></span> <span class='ocrx_word' id='word_1_207' title='bbox 3365 1474 3678 1541; x_wconf 79' lang='lat' dir='ltr'><strong>martyrium</strong></span> 
     </span>
    </p>
   </div>
   <div class='ocr_carea' id='block_1_30' title="bbox 2093 1561 3675 1629">
    <p class='ocr_par' dir='ltr' id='par_1_30' title="bbox 2093 1561 3675 1629">
     <span class='ocr_line' id='line_1_30' title="bbox 2093 1561 3675 1629; baseline 0.002 -18"><span class='ocrx_word' id='word_1_208' title='bbox 2093 1561 2498 1629; x_wconf 84' lang='lat' dir='ltr'><strong>compleverunt</strong></span> <span class='ocrx_word' id='word_1_209' title='bbox 2538 1578 2550 1612; x_wconf 90' lang='lat'><strong>:</strong></span> <span class='ocrx_word' id='word_1_210' title='bbox 2596 1575 2822 1629; x_wconf 90' lang='lat' dir='ltr'><strong>quorum</strong></span> <span class='ocrx_word' id='word_1_211' title='bbox 2871 1575 3093 1628; x_wconf 90' lang='lat' dir='ltr'><strong>corpora</strong></span> <span class='ocrx_word' id='word_1_212' title='bbox 3141 1563 3507 1627; x_wconf 87' lang='lat' dir='ltr'><strong>postmodum,</strong></span> <span class='ocrx_word' id='word_1_213' title='bbox 3556 1579 3675 1617; x_wconf 89' lang='lat' dir='ltr'><strong>cum</strong></span> 
     </span>
    </p>
   </div>
   <div class='ocr_carea' id='block_1_31' title="bbox 2093 1648 3680 1720">
    <p class='ocr_par' dir='ltr' id='par_1_31' title="bbox 2093 1648 3680 1720">
     <span class='ocr_line' id='line_1_31' title="bbox 2093 1648 3680 1720; baseline 0 -17"><span class='ocrx_word' id='word_1_214' title='bbox 2093 1660 2273 1703; x_wconf 71' lang='lat' dir='ltr'><strong>essent</strong></span> <span class='ocrx_word' id='word_1_215' title='bbox 2324 1650 2495 1719; x_wconf 89' lang='lat' dir='ltr'><strong>posita</strong></span> <span class='ocrx_word' id='word_1_216' title='bbox 2545 1649 2682 1704; x_wconf 89' lang='lat' dir='ltr'><strong>inter</strong></span> <span class='ocrx_word' id='word_1_217' title='bbox 2730 1649 2973 1720; x_wconf 86' lang='lat' dir='ltr'><strong>sepulcra</strong></span> <span class='ocrx_word' id='word_1_218' title='bbox 3022 1648 3341 1713; x_wconf 71' lang='lat' dir='ltr'><strong>Judazorum,</strong></span> <span class='ocrx_word' id='word_1_219' title='bbox 3383 1661 3437 1706; x_wconf 91' lang='lat' dir='ltr'><strong>et</strong></span> <span class='ocrx_word' id='word_1_220' title='bbox 3480 1654 3680 1718; x_wconf 83' lang='lat' dir='ltr'><strong>popqu</strong></span> 
     </span>
    </p>
   </div>
   <div class='ocr_carea' id='block_1_32' title="bbox 2093 1740 3677 1811">
    <p class='ocr_par' dir='ltr' id='par_1_32' title="bbox 2093 1740 3677 1811">
     <span class='ocr_line' id='line_1_32' title="bbox 2093 1740 3677 1811; baseline -0.001 -15"><span class='ocrx_word' id='word_1_221' title='bbox 2093 1740 2393 1796; x_wconf 87' lang='lat' dir='ltr'><strong>Christiano</strong></span> <span class='ocrx_word' id='word_1_222' title='bbox 2420 1755 2637 1811; x_wconf 89' lang='lat' dir='ltr'><strong>prorsus</strong></span> <span class='ocrx_word' id='word_1_223' title='bbox 2670 1742 2959 1808; x_wconf 82' lang='lat' dir='ltr'><strong>incognita,</strong></span> <span class='ocrx_word' id='word_1_224' title='bbox 2993 1741 3176 1795; x_wconf 86' lang='lat' dir='ltr'><strong>beatus</strong></span> <span class='ocrx_word' id='word_1_225' title='bbox 3202 1740 3512 1795; x_wconf 80' lang='lat' dir='ltr'><strong>Ambrosius</strong></span> <span class='ocrx_word' id='word_1_226' title='bbox 3541 1742 3677 1810; x_wconf 83' lang='lat' dir='ltr'><strong>ipsis</strong></span> 
     </span>
    </p>
   </div>
   <div class='ocr_carea' id='block_1_33' title="bbox 2096 1831 3676 1901">
    <p class='ocr_par' dir='ltr' id='par_1_33' title="bbox 2096 1831 3676 1901">
     <span class='ocr_line' id='line_1_33' title="bbox 2096 1831 3676 1901; baseline 0 -15"><span class='ocrx_word' id='word_1_227' title='bbox 2096 1835 2291 1886; x_wconf 72' lang='lat' dir='ltr'><strong>sanctis</strong></span> <span class='ocrx_word' id='word_1_228' title='bbox 2321 1831 2639 1901; x_wconf 83' lang='lat' dir='ltr'><strong>martyribus</strong></span> <span class='ocrx_word' id='word_1_229' title='bbox 2672 1831 3065 1891; x_wconf 86' lang='lat' dir='ltr'><strong>revelautibus,</strong></span> <span class='ocrx_word' id='word_1_230' title='bbox 3104 1834 3242 1899; x_wconf 91' lang='lat' dir='ltr'><strong>apud</strong></span> <span class='ocrx_word' id='word_1_231' title='bbox 3286 1832 3676 1886; x_wconf 80' lang='lat' dir='ltr'><strong>Bononiensem</strong></span> 
     </span>
    </p>
   </div>
   <div class='ocr_carea' id='block_1_34' title="bbox 418 1898 3677 1991">
    <p class='ocr_par' dir='ltr' id='par_1_34' title="bbox 418 1898 3677 1991">
     <span class='ocr_line' id='line_1_34' title="bbox 418 1898 3677 1991; baseline 0.001 -17"><span class='ocrx_word' id='word_1_232' title='bbox 418 1920 729 1987; x_wconf 75' lang='lat' dir='ltr'><strong>decipiatur.</strong></span> <span class='ocrx_word' id='word_1_233' title='bbox 786 1920 1179 1975; x_wconf 83' lang='lat' dir='ltr'><strong>Exhortationis</strong></span> <span class='ocrx_word' id='word_1_234' title='bbox 1234 1919 1393 1989; x_wconf 58' lang='lat' dir='ltr'><strong>igilttl‘</strong></span> <span class='ocrx_word' id='word_1_235' title='bbox 1439 1936 1738 1976; x_wconf 83' lang='lat' dir='ltr'><strong>sermonem</strong></span> <span class='ocrx_word' id='word_1_236' title='bbox 1787 1922 1864 1975; x_wconf 92' lang='lat' dir='ltr'><strong>eis</strong></span> <span class='ocrx_word' id='word_1_237' title='bbox 1916 1920 1991 1974; x_wconf 77' lang='lat' dir='ltr'><strong>fa-</strong></span> <span class='ocrx_word' id='word_1_238' title='bbox 2020 1898 2069 1956; x_wconf 77' lang='grc' dir='ltr'><strong>Β</strong></span> <span class='ocrx_word' id='word_1_239' title='bbox 2098 1924 2363 1976; x_wconf 90' lang='lat' dir='ltr'><strong>civitatem</strong></span> <span class='ocrx_word' id='word_1_240' title='bbox 2410 1924 2642 1990; x_wconf 90' lang='lat' dir='ltr'><strong>reperit,</strong></span> <span class='ocrx_word' id='word_1_241' title='bbox 2692 1938 2917 1991; x_wconf 75' lang='lat' dir='ltr'><strong>(tua:tu</strong></span> <span class='ocrx_word' id='word_1_242' title='bbox 2965 1933 3229 1978; x_wconf 85' lang='lat' dir='ltr'><strong>exstructa</strong></span> <span class='ocrx_word' id='word_1_243' title='bbox 3280 1925 3506 1978; x_wconf 88' lang='lat' dir='ltr'><strong>ecclesia</strong></span> <span class='ocrx_word' id='word_1_244' title='bbox 3554 1940 3677 1980; x_wconf 88' lang='lat' dir='ltr'><strong>cum</strong></span> 
     </span>
    </p>
   </div>
   <div class='ocr_carea' id='block_1_35' title="bbox 415 2009 1987 2076">
    <p class='ocr_par' dir='ltr' id='par_1_35' title="bbox 415 2009 1987 2076">
     <span class='ocr_line' id='line_1_35' title="bbox 415 2009 1987 2076; baseline 0 -14"><span class='ocrx_word' id='word_1_245' title='bbox 415 2009 584 2071; x_wconf 86' lang='lat' dir='ltr'><strong>ciens,</strong></span> <span class='ocrx_word' id='word_1_246' title='bbox 634 2017 687 2062; x_wconf 81' lang='lat' dir='ltr'><strong>ct</strong></span> <span class='ocrx_word' id='word_1_247' title='bbox 735 2010 785 2062; x_wconf 91' lang='lat' dir='ltr'><strong>in</strong></span> <span class='ocrx_word' id='word_1_248' title='bbox 831 2010 1103 2063; x_wconf 68' lang='lat' dir='ltr'><strong>catholico</strong></span> <span class='ocrx_word' id='word_1_249' title='bbox 1152 2010 1275 2063; x_wconf 82' lang='lat' dir='ltr'><strong>fidei</strong></span> <span class='ocrx_word' id='word_1_250' title='bbox 1325 2011 1525 2063; x_wconf 87' lang='lat' dir='ltr'><strong>unitate</strong></span> <span class='ocrx_word' id='word_1_251' title='bbox 1576 2020 1632 2063; x_wconf 83' lang='lat' dir='ltr'><strong>ut</strong></span> <span class='ocrx_word' id='word_1_252' title='bbox 1681 2014 1987 2076; x_wconf 61' lang='lat' dir='ltr'><strong>manerent,</strong></span> 
     </span>
    </p>
   </div>
   <div class='ocr_carea' id='block_1_36' title="bbox 415 2099 1993 2169">
    <p class='ocr_par' dir='ltr' id='par_1_36' title="bbox 415 2099 1993 2169">
     <span class='ocr_line' id='line_1_36' title="bbox 415 2099 1993 2169; baseline 0 -16"><span class='ocrx_word' id='word_1_253' title='bbox 415 2100 795 2154; x_wconf 78' lang='lat' dir='ltr'><strong>commendans</strong></span> <span class='ocrx_word' id='word_1_254' title='bbox 821 2115 915 2153; x_wconf 93' lang='lat' dir='ltr'><strong>eos</strong></span> <span class='ocrx_word' id='word_1_255' title='bbox 960 2100 1202 2165; x_wconf 90' lang='lat' dir='ltr'><strong>Domino,</strong></span> <span class='ocrx_word' id='word_1_256' title='bbox 1235 2102 1285 2154; x_wconf 93' lang='lat' dir='ltr'><strong>in</strong></span> <span class='ocrx_word' id='word_1_257' title='bbox 1314 2118 1470 2169; x_wconf 83' lang='lat' dir='ltr'><strong>quem</strong></span> <span class='ocrx_word' id='word_1_258' title='bbox 1502 2099 1876 2164; x_wconf 65' lang='lat' dir='ltr'><strong>crediderant,</strong></span> <span class='ocrx_word' id='word_1_259' title='bbox 1912 2099 1993 2153; x_wconf 91' lang='lat' dir='ltr'><strong>di-</strong></span> 
     </span>
    </p>
   </div>
   <div class='ocr_carea' id='block_1_37' title="bbox 415 2193 1991 2264">
    <p class='ocr_par' dir='ltr' id='par_1_37' title="bbox 415 2193 1991 2264">
     <span class='ocr_line' id='line_1_37' title="bbox 415 2193 1991 2264; baseline 0.001 -17"><span class='ocrx_word' id='word_1_260' title='bbox 415 2193 559 2247; x_wconf 77' lang='lat' dir='ltr'><strong>misit</strong></span> <span class='ocrx_word' id='word_1_261' title='bbox 590 2195 641 2246; x_wconf 90' lang='lat' dir='ltr'><strong>in</strong></span> <span class='ocrx_word' id='word_1_262' title='bbox 691 2209 837 2261; x_wconf 86' lang='lat' dir='ltr'><strong>pace.</strong></span> <span class='ocrx_word' id='word_1_263' title='bbox 890 2194 1084 2248; x_wconf 86' lang='lat' dir='ltr'><strong>Eodem</strong></span> <span class='ocrx_word' id='word_1_264' title='bbox 1131 2196 1215 2248; x_wconf 90' lang='lat' dir='ltr'><strong>die</strong></span> <span class='ocrx_word' id='word_1_265' title='bbox 1261 2194 1439 2264; x_wconf 86' lang='lat' dir='ltr'><strong>passio</strong></span> <span class='ocrx_word' id='word_1_266' title='bbox 1466 2204 1663 2249; x_wconf 72' lang='lat' dir='ltr'><strong>sancta:</strong></span> <span class='ocrx_word' id='word_1_267' title='bbox 1692 2194 1991 2249; x_wconf 75' lang='lat' dir='ltr'><strong>Catharinte</strong></span> 
     </span>
    </p>
   </div>
   <div class='ocr_carea' id='block_1_38' title="bbox 416 2285 1595 2356">
    <p class='ocr_par' dir='ltr' id='par_1_38' title="bbox 416 2285 1595 2356">
     <span class='ocr_line' id='line_1_38' title="bbox 416 2285 1595 2356; baseline 0.004 -19"><span class='ocrx_word' id='word_1_268' title='bbox 416 2285 631 2354; x_wconf 84' lang='lat' dir='ltr'><strong>virginis</strong></span> <span class='ocrx_word' id='word_1_269' title='bbox 661 2295 712 2339; x_wconf 91' lang='lat' dir='ltr'><strong>et</strong></span> <span class='ocrx_word' id='word_1_270' title='bbox 741 2287 988 2356; x_wconf 87' lang='lat' dir='ltr'><strong>martyris</strong></span> <span class='ocrx_word' id='word_1_271' title='bbox 1016 2286 1241 2350; x_wconf 82' lang='lat' dir='ltr'><strong>Christi,</strong></span> <span class='ocrx_word' id='word_1_272' title='bbox 1270 2296 1324 2342; x_wconf 89' lang='lat' dir='ltr'><strong>et</strong></span> <span class='ocrx_word' id='word_1_273' title='bbox 1352 2288 1595 2342; x_wconf 90' lang='lat' dir='ltr'><strong>aliorum.</strong></span> 
     </span>
    </p>
   </div>
   <div class='ocr_carea' id='block_1_39' title="bbox 483 2378 1989 2450">
    <p class='ocr_par' dir='ltr' id='par_1_39' title="bbox 483 2378 1989 2450">
     <span class='ocr_line' id='line_1_39' title="bbox 483 2378 1989 2450; baseline 0.002 -19"><span class='ocrx_word' id='word_1_274' title='bbox 483 2379 548 2432; x_wconf 92' lang='lat' dir='ltr'><strong>A.</strong></span> <span class='ocrx_word' id='word_1_275' title='bbox 591 2378 655 2432; x_wconf 84' lang='lat' dir='ltr'><strong>Vl</strong></span> <span class='ocrx_word' id='word_1_276' title='bbox 693 2378 825 2433; x_wconf 63' lang='lat' dir='ltr'><strong>Kac.</strong></span> <span class='ocrx_word' id='word_1_277' title='bbox 872 2382 1105 2435; x_wconf 77' lang='lat' dir='ltr'><strong>Dccaua.</strong></span> <span class='ocrx_word' id='word_1_278' title='bbox 1147 2380 1328 2436; x_wconf 88' lang='lat' dir='ltr'><strong>Natale</strong></span> <span class='ocrx_word' id='word_1_279' title='bbox 1357 2382 1525 2436; x_wconf 90' lang='lat' dir='ltr'><strong>sancti</strong></span> <span class='ocrx_word' id='word_1_280' title='bbox 1558 2380 1673 2435; x_wconf 88' lang='lat' dir='ltr'><strong>Lini</strong></span> <span class='ocrx_word' id='word_1_281' title='bbox 1703 2395 1872 2450; x_wconf 64' lang='lat' dir='ltr'><strong>papae,</strong></span> <span class='ocrx_word' id='word_1_282' title='bbox 1901 2382 1989 2450; x_wconf 92' lang='lat' dir='ltr'><strong>qui</strong></span> 
     </span>
    </p>
   </div>
   <div class='ocr_carea' id='block_1_40' title="bbox 414 2473 1989 2543">
    <p class='ocr_par' dir='ltr' id='par_1_40' title="bbox 414 2473 1989 2543">
     <span class='ocr_line' id='line_1_40' title="bbox 414 2473 1989 2543; baseline -0.001 -18"><span class='ocrx_word' id='word_1_283' title='bbox 414 2479 533 2538; x_wconf 89' lang='lat' dir='ltr'><strong>post</strong></span> <span class='ocrx_word' id='word_1_284' title='bbox 558 2473 853 2540; x_wconf 87' lang='lat' dir='ltr'><strong>apostolum</strong></span> <span class='ocrx_word' id='word_1_285' title='bbox 889 2474 1097 2528; x_wconf 82' lang='lat' dir='ltr'><strong>Petrum</strong></span> <span class='ocrx_word' id='word_1_286' title='bbox 1143 2474 1345 2543; x_wconf 85' lang='lat' dir='ltr'><strong>primus</strong></span> <span class='ocrx_word' id='word_1_287' title='bbox 1375 2473 1669 2527; x_wconf 63' lang='lat' dir='ltr'><strong>Romanam</strong></span> <span class='ocrx_word' id='word_1_288' title='bbox 1702 2473 1989 2527; x_wconf 83' lang='lat' dir='ltr'><strong>Ecclesiam</strong></span> 
     </span>
    </p>
   </div>
   <div class='ocr_carea' id='block_1_41' title="bbox 417 2563 1985 2633">
    <p class='ocr_par' dir='ltr' id='par_1_41' title="bbox 417 2563 1985 2633">
     <span class='ocr_line' id='line_1_41' title="bbox 417 2563 1985 2633; baseline 0.001 -19"><span class='ocrx_word' id='word_1_289' title='bbox 417 2564 587 2617; x_wconf 88' lang='lat' dir='ltr'><strong>tenuit</strong></span> <span class='ocrx_word' id='word_1_290' title='bbox 613 2580 782 2619; x_wconf 84' lang='lat' dir='ltr'><strong>annos</strong></span> <span class='ocrx_word' id='word_1_291' title='bbox 812 2566 1115 2633; x_wconf 80' lang='lat' dir='ltr'><strong>duodecim,</strong></span> <span class='ocrx_word' id='word_1_292' title='bbox 1147 2580 1357 2620; x_wconf 89' lang='lat' dir='ltr'><strong>menses</strong></span> <span class='ocrx_word' id='word_1_293' title='bbox 1390 2576 1517 2630; x_wconf 83' lang='lat' dir='ltr'><strong>tres,</strong></span> <span class='ocrx_word' id='word_1_294' title='bbox 1545 2565 1657 2620; x_wconf 86' lang='lat' dir='ltr'><strong>dies</strong></span> <span class='ocrx_word' id='word_1_295' title='bbox 1688 2563 1985 2618; x_wconf 81' lang='lat' dir='ltr'><strong>duodecim.</strong></span> 
     </span>
    </p>
   </div>
   <div class='ocr_carea' id='block_1_42' title="bbox 412 2649 1988 2722">
    <p class='ocr_par' dir='ltr' id='par_1_42' title="bbox 412 2649 1988 2722">
     <span class='ocr_line' id='line_1_42' title="bbox 412 2649 1988 2722; baseline 0.005 -19"><span class='ocrx_word' id='word_1_296' title='bbox 412 2649 510 2704; x_wconf 89' lang='lat' dir='ltr'><strong>Hic</strong></span> <span class='ocrx_word' id='word_1_297' title='bbox 540 2668 602 2706; x_wconf 88' lang='lat' dir='ltr'><strong>ex</strong></span> <span class='ocrx_word' id='word_1_298' title='bbox 650 2666 912 2722; x_wconf 80' lang='lat' dir='ltr'><strong>prtecepto</strong></span> <span class='ocrx_word' id='word_1_299' title='bbox 957 2657 1091 2711; x_wconf 90' lang='lat' dir='ltr'><strong>beati</strong></span> <span class='ocrx_word' id='word_1_300' title='bbox 1138 2658 1279 2711; x_wconf 82' lang='lat' dir='ltr'><strong>Petri</strong></span> <span class='ocrx_word' id='word_1_301' title='bbox 1311 2656 1585 2712; x_wconf 86' lang='lat' dir='ltr'><strong>constituit</strong></span> <span class='ocrx_word' id='word_1_302' title='bbox 1615 2664 1666 2708; x_wconf 89' lang='lat' dir='ltr'><strong>ut</strong></span> <span class='ocrx_word' id='word_1_303' title='bbox 1712 2656 1899 2709; x_wconf 85' lang='lat' dir='ltr'><strong>mulier</strong></span> <span class='ocrx_word' id='word_1_304' title='bbox 1938 2657 1988 2709; x_wconf 88' lang='lat' dir='ltr'><strong>in</strong></span> 
     </span>
    </p>
   </div>
   <div class='ocr_carea' id='block_1_43' title="bbox 410 2740 1986 2815">
    <p class='ocr_par' dir='ltr' id='par_1_43' title="bbox 410 2740 1986 2815">
     <span class='ocr_line' id='line_1_43' title="bbox 410 2740 1986 2815; baseline 0.004 -22"><span class='ocrx_word' id='word_1_305' title='bbox 410 2740 689 2796; x_wconf 81' lang='lat' dir='ltr'><strong>ecclesiam</strong></span> <span class='ocrx_word' id='word_1_306' title='bbox 717 2744 890 2799; x_wconf 83' lang='lat' dir='ltr'><strong>velato</strong></span> <span class='ocrx_word' id='word_1_307' title='bbox 929 2746 1099 2815; x_wconf 85' lang='lat' dir='ltr'><strong>capite</strong></span> <span class='ocrx_word' id='word_1_308' title='bbox 1130 2747 1405 2812; x_wconf 88' lang='lat' dir='ltr'><strong>introiret,</strong></span> <span class='ocrx_word' id='word_1_309' title='bbox 1452 2757 1506 2801; x_wconf 90' lang='lat' dir='ltr'><strong>et</strong></span> <span class='ocrx_word' id='word_1_310' title='bbox 1547 2747 1798 2815; x_wconf 86' lang='lat' dir='ltr'><strong>martyrio</strong></span> <span class='ocrx_word' id='word_1_311' title='bbox 1829 2760 1986 2799; x_wconf 80' lang='lat' dir='ltr'><strong>coro-</strong></span> 
     </span>
    </p>
   </div>
   <div class='ocr_carea' id='block_1_44' title="bbox 410 2836 1983 2904">
    <p class='ocr_par' dir='ltr' id='par_1_44' title="bbox 410 2836 1983 2904">
     <span class='ocr_line' id='line_1_44' title="bbox 410 2836 1983 2904; baseline 0.006 -22"><span class='ocrx_word' id='word_1_312' title='bbox 410 2838 596 2895; x_wconf 89' lang='lat' dir='ltr'><strong>natus,</strong></span> <span class='ocrx_word' id='word_1_313' title='bbox 644 2837 882 2902; x_wconf 72' lang='lat' dir='ltr'><strong>sepuTtus</strong></span> <span class='ocrx_word' id='word_1_314' title='bbox 910 2848 989 2890; x_wconf 88' lang='lat' dir='ltr'><strong>est</strong></span> <span class='ocrx_word' id='word_1_315' title='bbox 1022 2838 1073 2890; x_wconf 90' lang='lat' dir='ltr'><strong>in</strong></span> <span class='ocrx_word' id='word_1_316' title='bbox 1104 2838 1377 2892; x_wconf 86' lang='lat' dir='ltr'><strong>Vaticano.</strong></span> <span class='ocrx_word' id='word_1_317' title='bbox 1425 2836 1576 2904; x_wconf 77' lang='lat' dir='ltr'><strong>Apud</strong></span> <span class='ocrx_word' id='word_1_318' title='bbox 1612 2836 1983 2891; x_wconf 78' lang='lat' dir='ltr'><strong>Alexandriam</strong></span> 
     </span>
    </p>
   </div>
   <div class='ocr_carea' id='block_1_45' title="bbox 409 2922 1987 2998">
    <p class='ocr_par' dir='ltr' id='par_1_45' title="bbox 409 2922 1987 2998">
     <span class='ocr_line' id='line_1_45' title="bbox 409 2922 1987 2998; baseline 0.005 -24"><span class='ocrx_word' id='word_1_319' title='bbox 409 2922 583 2975; x_wconf 81' lang='lat' dir='ltr'><strong>natale</strong></span> <span class='ocrx_word' id='word_1_320' title='bbox 629 2934 932 2981; x_wconf 87' lang='lat' dir='ltr'><strong>sanctorum</strong></span> <span class='ocrx_word' id='word_1_321' title='bbox 983 2940 1296 2998; x_wconf 83' lang='lat' dir='ltr'><strong>martyrum,</strong></span> <span class='ocrx_word' id='word_1_322' title='bbox 1343 2928 1522 2982; x_wconf 76' lang='lat' dir='ltr'><strong>Fausti</strong></span> <span class='ocrx_word' id='word_1_323' title='bbox 1567 2928 1881 2997; x_wconf 86' lang='lat' dir='ltr'><strong>presbyteri,</strong></span> <span class='ocrx_word' id='word_1_324' title='bbox 1932 2937 1987 2982; x_wconf 92' lang='lat' dir='ltr'><strong>et</strong></span> 
     </span>
    </p>
   </div>
   <div class='ocr_carea' id='block_1_46' title="bbox 410 3011 1979 3087">
    <p class='ocr_par' dir='ltr' id='par_1_46' title="bbox 410 3011 1979 3087">
     <span class='ocr_line' id='line_1_46' title="bbox 410 3011 1979 3087; baseline 0.004 -22"><span class='ocrx_word' id='word_1_325' title='bbox 410 3011 523 3078; x_wconf 84' lang='lat' dir='ltr'><strong>Dii,</strong></span> <span class='ocrx_word' id='word_1_326' title='bbox 556 3022 607 3067; x_wconf 93' lang='lat' dir='ltr'><strong>et</strong></span> <span class='ocrx_word' id='word_1_327' title='bbox 636 3016 932 3081; x_wconf 87' lang='lat' dir='ltr'><strong>Atnmonii,</strong></span> <span class='ocrx_word' id='word_1_328' title='bbox 966 3020 1051 3086; x_wconf 91' lang='lat' dir='ltr'><strong>qui</strong></span> <span class='ocrx_word' id='word_1_329' title='bbox 1081 3034 1200 3073; x_wconf 94' lang='lat' dir='ltr'><strong>cum</strong></span> <span class='ocrx_word' id='word_1_330' title='bbox 1231 3019 1384 3073; x_wconf 90' lang='lat' dir='ltr'><strong>beato</strong></span> <span class='ocrx_word' id='word_1_331' title='bbox 1418 3019 1572 3074; x_wconf 86' lang='lat' dir='ltr'><strong>Petro</strong></span> <span class='ocrx_word' id='word_1_332' title='bbox 1598 3018 1835 3087; x_wconf 87' lang='lat' dir='ltr'><strong>ejusdem</strong></span> <span class='ocrx_word' id='word_1_333' title='bbox 1869 3019 1979 3086; x_wconf 88' lang='lat' dir='ltr'><strong>epi-</strong></span> 
     </span>
    </p>
   </div>
   <div class='ocr_carea' id='block_1_47' title="bbox 2095 2010 3677 2082">
    <p class='ocr_par' dir='ltr' id='par_1_47' title="bbox 2095 2010 3677 2082">
     <span class='ocr_line' id='line_1_47' title="bbox 2095 2010 3677 2082; baseline -0.001 -16"><span class='ocrx_word' id='word_1_334' title='bbox 2095 2027 2286 2081; x_wconf 85' lang='lat' dir='ltr'><strong>magua</strong></span> <span class='ocrx_word' id='word_1_335' title='bbox 2317 2010 2553 2065; x_wconf 89' lang='lat' dir='ltr'><strong>ﬁdelium</strong></span> <span class='ocrx_word' id='word_1_336' title='bbox 2587 2011 2774 2065; x_wconf 84' lang='lat' dir='ltr'><strong>la-titia</strong></span> <span class='ocrx_word' id='word_1_337' title='bbox 2805 2020 2859 2065; x_wconf 92' lang='lat' dir='ltr'><strong>et</strong></span> <span class='ocrx_word' id='word_1_338' title='bbox 2887 2012 3184 2067; x_wconf 65' lang='lat' dir='ltr'><strong>daemonum</strong></span> <span class='ocrx_word' id='word_1_339' title='bbox 3217 2012 3390 2082; x_wconf 72' lang='lat' dir='ltr'><strong>ptenis</strong></span> <span class='ocrx_word' id='word_1_340' title='bbox 3418 2013 3677 2067; x_wconf 85' lang='lat' dir='ltr'><strong>confiten-</strong></span> 
     </span>
    </p>
   </div>
   <div class='ocr_carea' id='block_1_48' title="bbox 2095 2102 3677 2172">
    <p class='ocr_par' dir='ltr' id='par_1_48' title="bbox 2095 2102 3677 2172">
     <span class='ocr_line' id='line_1_48' title="bbox 2095 2102 3677 2172; baseline -0.001 -14"><span class='ocrx_word' id='word_1_341' title='bbox 2095 2106 2222 2159; x_wconf 87' lang='lat' dir='ltr'><strong>tium</strong></span> <span class='ocrx_word' id='word_1_342' title='bbox 2252 2103 2438 2157; x_wconf 90' lang='lat' dir='ltr'><strong>merita</strong></span> <span class='ocrx_word' id='word_1_343' title='bbox 2470 2112 2785 2172; x_wconf 76' lang='lat' dir='ltr'><strong>martyrum,</strong></span> <span class='ocrx_word' id='word_1_344' title='bbox 2814 2102 2913 2157; x_wconf 92' lang='lat' dir='ltr'><strong>sub</strong></span> <span class='ocrx_word' id='word_1_345' title='bbox 2933 2103 3098 2157; x_wconf 90' lang='lat' dir='ltr'><strong>altare</strong></span> <span class='ocrx_word' id='word_1_346' title='bbox 3125 2102 3391 2170; x_wconf 91' lang='lat' dir='ltr'><strong>deposuit.</strong></span> <span class='ocrx_word' id='word_1_347' title='bbox 3426 2103 3481 2158; x_wconf 86' lang='lat' dir='ltr'><strong>In</strong></span> <span class='ocrx_word' id='word_1_348' title='bbox 3504 2103 3677 2158; x_wconf 85' lang='lat' dir='ltr'><strong>Gallia</strong></span> 
     </span>
    </p>
   </div>
   <div class='ocr_carea' id='block_1_49' title="bbox 2095 2184 3678 2263">
    <p class='ocr_par' dir='ltr' id='par_1_49' title="bbox 2095 2184 3678 2263">
     <span class='ocr_line' id='line_1_49' title="bbox 2095 2184 3678 2263; baseline 0.002 -15"><span class='ocrx_word' id='word_1_349' title='bbox 2095 2194 2305 2248; x_wconf 86' lang='lat' dir='ltr'><strong>civitate</strong></span> <span class='ocrx_word' id='word_1_350' title='bbox 2334 2192 2594 2261; x_wconf 79' lang='lat' dir='ltr'><strong>Regensi,</strong></span> <span class='ocrx_word' id='word_1_351' title='bbox 2628 2194 2803 2247; x_wconf 86' lang='lat' dir='ltr'><strong>natale</strong></span> <span class='ocrx_word' id='word_1_352' title='bbox 2847 2194 3015 2247; x_wconf 89' lang='lat' dir='ltr'><strong>sancti</strong></span> <span class='ocrx_word' id='word_1_353' title='bbox 3048 2192 3258 2247; x_wconf 66' lang='lat' dir='ltr'><strong>Maximi</strong></span> <span class='ocrx_word' id='word_1_354' title='bbox 3289 2196 3554 2263; x_wconf 88' lang='lat' dir='ltr'><strong>episcopi,</strong></span> <span class='ocrx_word' id='word_1_355' title='bbox 3588 2184 3678 2260; x_wconf 51' lang='lat' dir='ltr'><strong>tie</strong></span> 
     </span>
    </p>
   </div>
   <div class='ocr_carea' id='block_1_50' title="bbox 2094 2284 3675 2356">
    <p class='ocr_par' dir='ltr' id='par_1_50' title="bbox 2094 2284 3675 2356">
     <span class='ocr_line' id='line_1_50' title="bbox 2094 2284 3675 2356; baseline 0.001 -17"><span class='ocrx_word' id='word_1_356' title='bbox 2094 2289 2346 2356; x_wconf 69' lang='lat' dir='ltr'><strong>primaeva</strong></span> <span class='ocrx_word' id='word_1_357' title='bbox 2396 2295 2552 2338; x_wconf 80' lang='lat' dir='ltr'><strong>:etate</strong></span> <span class='ocrx_word' id='word_1_358' title='bbox 2598 2284 2853 2337; x_wconf 90' lang='lat' dir='ltr'><strong>virtutum</strong></span> <span class='ocrx_word' id='word_1_359' title='bbox 2903 2285 3136 2338; x_wconf 89' lang='lat' dir='ltr'><strong>omnium</strong></span> <span class='ocrx_word' id='word_1_360' title='bbox 3184 2286 3351 2352; x_wconf 78' lang='lat' dir='ltr'><strong>gratia</strong></span> <span class='ocrx_word' id='word_1_361' title='bbox 3397 2286 3675 2353; x_wconf 67' lang='lat' dir='ltr'><strong>prmditus,</strong></span> 
     </span>
    </p>
   </div>
   <div class='ocr_carea' id='block_1_51' title="bbox 2095 2373 3677 2444">
    <p class='ocr_par' dir='ltr' id='par_1_51' title="bbox 2095 2373 3677 2444">
     <span class='ocr_line' id='line_1_51' title="bbox 2095 2373 3677 2444; baseline -0.001 -15"><span class='ocrx_word' id='word_1_362' title='bbox 2095 2378 2319 2444; x_wconf 91' lang='lat' dir='ltr'><strong>primum</strong></span> <span class='ocrx_word' id='word_1_363' title='bbox 2354 2373 2667 2428; x_wconf 85' lang='lat' dir='ltr'><strong>Liriuiensis</strong></span> <span class='ocrx_word' id='word_1_364' title='bbox 2698 2373 2929 2427; x_wconf 64' lang='lat' dir='ltr'><strong>omniiin</strong></span> <span class='ocrx_word' id='word_1_365' title='bbox 2971 2373 3146 2438; x_wconf 87' lang='lat' dir='ltr'><strong>Pater,</strong></span> <span class='ocrx_word' id='word_1_366' title='bbox 3186 2373 3379 2427; x_wconf 87' lang='lat' dir='ltr'><strong>deinde</strong></span> <span class='ocrx_word' id='word_1_367' title='bbox 3417 2374 3677 2443; x_wconf 74' lang='lat' dir='ltr'><strong>Regensis</strong></span> 
     </span>
    </p>
   </div>
   <div class='ocr_carea' id='block_1_52' title="bbox 2094 2461 3677 2533">
    <p class='ocr_par' dir='ltr' id='par_1_52' title="bbox 2094 2461 3677 2533">
     <span class='ocr_line' id='line_1_52' title="bbox 2094 2461 3677 2533; baseline -0.002 -14"><span class='ocrx_word' id='word_1_368' title='bbox 2094 2465 2347 2519; x_wconf 64' lang='lat' dir='ltr'><strong>Ecclesia-</strong></span> <span class='ocrx_word' id='word_1_369' title='bbox 2378 2462 2677 2530; x_wconf 60' lang='lat' dir='ltr'><strong>cpiscolius,</strong></span> <span class='ocrx_word' id='word_1_370' title='bbox 2711 2462 2874 2531; x_wconf 81' lang='lat' dir='ltr'><strong>signis</strong></span> <span class='ocrx_word' id='word_1_371' title='bbox 2903 2472 2953 2515; x_wconf 86' lang='lat' dir='ltr'><strong>et</strong></span> <span class='ocrx_word' id='word_1_372' title='bbox 2984 2461 3236 2530; x_wconf 78' lang='lat' dir='ltr'><strong>prodigiis</strong></span> <span class='ocrx_word' id='word_1_373' title='bbox 3267 2462 3491 2533; x_wconf 86' lang='lat' dir='ltr'><strong>inclytus</strong></span> <span class='ocrx_word' id='word_1_374' title='bbox 3537 2470 3677 2516; x_wconf 65' lang='lat' dir='ltr'><strong>cxt-</strong></span> 
     </span>
    </p>
   </div>
   <div class='ocr_carea' id='block_1_53' title="bbox 2094 2555 3676 2623">
    <p class='ocr_par' dir='ltr' id='par_1_53' title="bbox 2094 2555 3676 2623">
     <span class='ocr_line' id='line_1_53' title="bbox 2094 2555 3676 2623; baseline -0.003 -12"><span class='ocrx_word' id='word_1_375' title='bbox 2094 2559 2177 2611; x_wconf 91' lang='lat' dir='ltr'><strong>tit.</strong></span> <span class='ocrx_word' id='word_1_376' title='bbox 2212 2556 2449 2623; x_wconf 84' lang='lat' dir='ltr'><strong>Denique</strong></span> <span class='ocrx_word' id='word_1_377' title='bbox 2487 2556 2626 2609; x_wconf 90' lang='lat' dir='ltr'><strong>inter</strong></span> <span class='ocrx_word' id='word_1_378' title='bbox 2655 2555 2758 2608; x_wconf 90' lang='lat' dir='ltr'><strong>alia</strong></span> <span class='ocrx_word' id='word_1_379' title='bbox 2795 2563 2944 2621; x_wconf 78' lang='lat' dir='ltr'><strong>gesta</strong></span> <span class='ocrx_word' id='word_1_380' title='bbox 2976 2556 3254 2623; x_wconf 80' lang='lat' dir='ltr'><strong>magniﬁca</strong></span> <span class='ocrx_word' id='word_1_381' title='bbox 3296 2564 3404 2607; x_wconf 87' lang='lat' dir='ltr'><strong>tres</strong></span> <span class='ocrx_word' id='word_1_382' title='bbox 3432 2565 3676 2607; x_wconf 87' lang='lat' dir='ltr'><strong>mortuos</strong></span> 
     </span>
    </p>
   </div>
   <div class='ocr_carea' id='block_1_54' title="bbox 2094 2645 3676 2713">
    <p class='ocr_par' dir='ltr' id='par_1_54' title="bbox 2094 2645 3676 2713">
     <span class='ocr_line' id='line_1_54' title="bbox 2094 2645 3676 2713; baseline -0.003 -12"><span class='ocrx_word' id='word_1_383' title='bbox 2094 2647 2296 2713; x_wconf 83' lang='lat' dir='ltr'><strong>vivens,</strong></span> <span class='ocrx_word' id='word_1_384' title='bbox 2330 2661 2489 2700; x_wconf 90' lang='lat' dir='ltr'><strong>unum</strong></span> <span class='ocrx_word' id='word_1_385' title='bbox 2523 2655 2686 2712; x_wconf 90' lang='lat' dir='ltr'><strong>tactu,</strong></span> <span class='ocrx_word' id='word_1_386' title='bbox 2717 2659 2822 2713; x_wconf 93' lang='lat' dir='ltr'><strong>quo</strong></span> <span class='ocrx_word' id='word_1_387' title='bbox 2854 2645 2918 2698; x_wconf 89' lang='lat' dir='ltr'><strong>ad</strong></span> <span class='ocrx_word' id='word_1_388' title='bbox 2949 2646 3248 2712; x_wconf 87' lang='lat' dir='ltr'><strong>sepulcrum</strong></span> <span class='ocrx_word' id='word_1_389' title='bbox 3281 2645 3568 2700; x_wconf 84' lang='lat' dir='ltr'><strong>vehebatur</strong></span> <span class='ocrx_word' id='word_1_390' title='bbox 3595 2645 3676 2697; x_wconf 81' lang='lat' dir='ltr'><strong>lo-</strong></span> 
     </span>
    </p>
   </div>
   <div class='ocr_carea' id='block_1_55' title="bbox 2091 2737 3675 2806">
    <p class='ocr_par' dir='ltr' id='par_1_55' title="bbox 2091 2737 3675 2806">
     <span class='ocr_line' id='line_1_55' title="bbox 2091 2737 3675 2806; baseline -0.004 -12"><span class='ocrx_word' id='word_1_391' title='bbox 2091 2742 2193 2794; x_wconf 89' lang='lat' dir='ltr'><strong>culi</strong></span> <span class='ocrx_word' id='word_1_392' title='bbox 2216 2781 2232 2806; x_wconf 92' lang='lat'><strong>,</strong></span> <span class='ocrx_word' id='word_1_393' title='bbox 2266 2749 2531 2793; x_wconf 90' lang='lat' dir='ltr'><strong>mortuum</strong></span> <span class='ocrx_word' id='word_1_394' title='bbox 2564 2737 2862 2791; x_wconf 88' lang='lat' dir='ltr'><strong>suscitavit.</strong></span> <span class='ocrx_word' id='word_1_395' title='bbox 2908 2737 2961 2791; x_wconf 91' lang='lat' dir='ltr'><strong>In</strong></span> <span class='ocrx_word' id='word_1_396' title='bbox 2991 2737 3293 2791; x_wconf 83' lang='lat' dir='ltr'><strong>Nicomedia</strong></span> <span class='ocrx_word' id='word_1_397' title='bbox 3325 2738 3496 2789; x_wconf 86' lang='lat' dir='ltr'><strong>natale</strong></span> <span class='ocrx_word' id='word_1_398' title='bbox 3524 2737 3675 2789; x_wconf 81' lang='lat' dir='ltr'><strong>Mar—</strong></span> 
     </span>
    </p>
   </div>
   <div class='ocr_carea' id='block_1_56' title="bbox 2089 2828 3673 2897">
    <p class='ocr_par' dir='ltr' id='par_1_56' title="bbox 2089 2828 3673 2897">
     <span class='ocr_line' id='line_1_56' title="bbox 2089 2828 3673 2897; baseline -0.004 -10"><span class='ocrx_word' id='word_1_399' title='bbox 2089 2832 2229 2897; x_wconf 89' lang='lat' dir='ltr'><strong>celli,</strong></span> <span class='ocrx_word' id='word_1_400' title='bbox 2265 2830 2437 2894; x_wconf 79' lang='lat' dir='ltr'><strong>Petri,</strong></span> <span class='ocrx_word' id='word_1_401' title='bbox 2470 2831 2709 2892; x_wconf 83' lang='lat' dir='ltr'><strong>Numeri,</strong></span> <span class='ocrx_word' id='word_1_402' title='bbox 2745 2829 3013 2895; x_wconf 70' lang='lat' dir='ltr'><strong>Hierenaa,</strong></span> <span class='ocrx_word' id='word_1_403' title='bbox 3045 2839 3099 2884; x_wconf 92' lang='lat' dir='ltr'><strong>et</strong></span> <span class='ocrx_word' id='word_1_404' title='bbox 3129 2829 3326 2883; x_wconf 79' lang='lat' dir='ltr'><strong>Melosi.</strong></span> <span class='ocrx_word' id='word_1_405' title='bbox 3360 2828 3424 2882; x_wconf 85' lang='lat' dir='ltr'><strong>Et</strong></span> <span class='ocrx_word' id='word_1_406' title='bbox 3448 2828 3673 2897; x_wconf 85' lang='lat' dir='ltr'><strong>deposi-</strong></span> 
     </span>
    </p>
   </div>
   <div class='ocr_carea' id='block_1_57' title="bbox 2090 2923 2653 2991">
    <p class='ocr_par' dir='ltr' id='par_1_57' title="bbox 2090 2923 2653 2991">
     <span class='ocr_line' id='line_1_57' title="bbox 2090 2923 2653 2991; baseline -0.005 -14"><span class='ocrx_word' id='word_1_407' title='bbox 2090 2925 2162 2977; x_wconf 85' lang='lat' dir='ltr'><strong>tio</strong></span> <span class='ocrx_word' id='word_1_408' title='bbox 2191 2923 2365 2990; x_wconf 80' lang='lat' dir='ltr'><strong>Uptati</strong></span> <span class='ocrx_word' id='word_1_409' title='bbox 2397 2923 2653 2991; x_wconf 80' lang='lat' dir='ltr'><strong>episcopi.</strong></span> 
     </span>
    </p>
   </div>
   <div class='ocr_carea' id='block_1_58' title="bbox 2153 3009 3671 3067">
    <p class='ocr_par' dir='ltr' id='par_1_58' title="bbox 2153 3009 3671 3067">
     <span class='ocr_line' id='line_1_58' title="bbox 2153 3009 3671 3067; baseline -0.001 0"><span class='ocrx_word' id='word_1_410' title='bbox 2153 3011 2215 3067; x_wconf 90' lang='lat' dir='ltr'><strong>C.</strong></span> <span class='ocrx_word' id='word_1_411' title='bbox 2246 3012 2307 3066; x_wconf 89' lang='lat' dir='ltr'><strong>IV</strong></span> <span class='ocrx_word' id='word_1_412' title='bbox 2343 3012 2583 3066; x_wconf 74' lang='lat' dir='ltr'><strong>KALEND.</strong></span> <span class='ocrx_word' id='word_1_413' title='bbox 2638 3011 2873 3065; x_wconf 74' lang='lat' dir='ltr'><strong>Dscaun.</strong></span> <span class='ocrx_word' id='word_1_414' title='bbox 2899 3039 2967 3050; x_wconf 92' lang='lat'><strong><em>—</em></strong></span> <span class='ocrx_word' id='word_1_415' title='bbox 2993 3009 3177 3064; x_wconf 83' lang='lat' dir='ltr'><strong>Natale</strong></span> <span class='ocrx_word' id='word_1_416' title='bbox 3225 3011 3392 3063; x_wconf 88' lang='lat' dir='ltr'><strong>sancti</strong></span> <span class='ocrx_word' id='word_1_417' title='bbox 3440 3010 3671 3067; x_wconf 84' lang='lat' dir='ltr'><strong>Sostbe-</strong></span> 
     </span>
    </p>
   </div>
   <div class='ocr_carea' id='block_1_59' title="bbox 406 3096 3671 3174">
    <p class='ocr_par' dir='ltr' id='par_1_59' title="bbox 406 3096 3671 3174">
     <span class='ocr_line' id='line_1_59' title="bbox 406 3096 3671 3174; baseline -0.001 -16"><span class='ocrx_word' id='word_1_418' title='bbox 406 3117 569 3172; x_wconf 89' lang='lat' dir='ltr'><strong>scopo</strong></span> <span class='ocrx_word' id='word_1_419' title='bbox 605 3104 827 3174; x_wconf 86' lang='lat' dir='ltr'><strong>jubeute</strong></span> <span class='ocrx_word' id='word_1_420' title='bbox 856 3107 1173 3164; x_wconf 80' lang='lat' dir='ltr'><strong>Maximiano</strong></span> <span class='ocrx_word' id='word_1_421' title='bbox 1215 3108 1457 3163; x_wconf 88' lang='lat' dir='ltr'><strong>trucidati</strong></span> <span class='ocrx_word' id='word_1_422' title='bbox 1488 3117 1629 3162; x_wconf 91' lang='lat' dir='ltr'><strong>sunt.</strong></span> <span class='ocrx_word' id='word_1_423' title='bbox 1664 3108 1864 3161; x_wconf 89' lang='lat' dir='ltr'><strong>Eodem</strong></span> <span class='ocrx_word' id='word_1_424' title='bbox 1898 3108 1986 3161; x_wconf 89' lang='lat' dir='ltr'><strong>die</strong></span> <span class='ocrx_word' id='word_1_425' title='bbox 2017 3096 2061 3159; x_wconf 92' lang='lat' dir='ltr'>C</span> <span class='ocrx_word' id='word_1_426' title='bbox 2096 3120 2211 3168; x_wconf 85' lang='lat' dir='ltr'><strong>nes,</strong></span> <span class='ocrx_word' id='word_1_427' title='bbox 2238 3104 2487 3172; x_wconf 88' lang='lat' dir='ltr'><strong>discipuli</strong></span> <span class='ocrx_word' id='word_1_428' title='bbox 2512 3104 2880 3173; x_wconf 87' lang='lat' dir='ltr'><strong>apostolorum</strong></span> <span class='ocrx_word' id='word_1_429' title='bbox 2911 3112 2965 3159; x_wconf 90' lang='lat' dir='ltr'><strong>et</strong></span> <span class='ocrx_word' id='word_1_430' title='bbox 2987 3102 3281 3172; x_wconf 88' lang='lat' dir='ltr'><strong>Trophimi,</strong></span> <span class='ocrx_word' id='word_1_431' title='bbox 3311 3102 3379 3157; x_wconf 90' lang='lat' dir='ltr'><strong>de</strong></span> <span class='ocrx_word' id='word_1_432' title='bbox 3400 3118 3505 3172; x_wconf 90' lang='lat' dir='ltr'><strong>quo</strong></span> <span class='ocrx_word' id='word_1_433' title='bbox 3532 3105 3671 3158; x_wconf 33' lang='lat' dir='ltr'><strong>scri-r</strong></span> 
     </span>
    </p>
   </div>
   <div class='ocr_carea' id='block_1_60' title="bbox 1684 3194 2449 3252">
    <p class='ocr_par' dir='ltr' id='par_1_60' title="bbox 1684 3194 2449 3252">
     <span class='ocr_line' id='line_1_60' title="bbox 1684 3194 2449 3252; baseline -0.004 0"><span class='ocrx_word' id='word_1_434' title='bbox 1684 3200 1909 3252; x_wconf 80' lang='lat' dir='ltr'><strong>EDITIO</strong></span> <span class='ocrx_word' id='word_1_435' title='bbox 1950 3194 2449 3252; x_wconf 72' lang='lat' dir='ltr'><strong>BOLLANIHANA.</strong></span> 
     </span>
    </p>
   </div>
   <div class='ocr_carea' id='block_1_61' title="bbox 408 3286 1981 3359">
    <p class='ocr_par' dir='ltr' id='par_1_61' title="bbox 408 3286 1981 3359">
     <span class='ocr_line' id='line_1_61' title="bbox 408 3286 1981 3359; baseline 0.003 -21"><span class='ocrx_word' id='word_1_436' title='bbox 408 3288 473 3359; x_wconf 69' lang='grc' dir='ltr'><strong>ᾼ.</strong></span> <span class='ocrx_word' id='word_1_437' title='bbox 499 3286 561 3359; x_wconf 86' lang='lat' dir='ltr'><strong>&#39;I&#39;.</strong></span> <span class='ocrx_word' id='word_1_438' title='bbox 597 3288 680 3349; x_wconf 74' lang='lat' dir='ltr'><strong>l..,</strong></span> <span class='ocrx_word' id='word_1_439' title='bbox 717 3288 913 3344; x_wconf 79' lang='lat' dir='ltr'><strong>Eodem</strong></span> <span class='ocrx_word' id='word_1_440' title='bbox 959 3291 1048 3345; x_wconf 90' lang='lat' dir='ltr'><strong>die</strong></span> <span class='ocrx_word' id='word_1_441' title='bbox 1087 3292 1264 3359; x_wconf 82' lang='lat' dir='ltr'><strong>passio</strong></span> <span class='ocrx_word' id='word_1_442' title='bbox 1302 3290 1361 3347; x_wconf 92' lang='lat' dir='ltr'><strong>S.</strong></span> <span class='ocrx_word' id='word_1_443' title='bbox 1392 3290 1676 3345; x_wconf 72' lang='lat' dir='ltr'><strong>Caterinar.</strong></span> <span class='ocrx_word' id='word_1_444' title='bbox 1726 3290 1810 3355; x_wconf 79' lang='lat'><strong>8.,</strong></span> <span class='ocrx_word' id='word_1_445' title='bbox 1845 3290 1981 3343; x_wconf 79' lang='lat' dir='ltr'><strong>Alibi</strong></span> 
     </span>
    </p>
   </div>
   <div class='ocr_carea' id='block_1_62' title="bbox 409 3354 1266 3422">
    <p class='ocr_par' dir='ltr' id='par_1_62' title="bbox 409 3354 1266 3422">
     <span class='ocr_line' id='line_1_62' title="bbox 409 3354 1266 3422; baseline 0.006 -13"><span class='ocrx_word' id='word_1_446' title='bbox 409 3354 647 3421; x_wconf 88' lang='lat' dir='ltr'><strong>Luciani,</strong></span> <span class='ocrx_word' id='word_1_447' title='bbox 675 3359 942 3422; x_wconf 84' lang='lat' dir='ltr'><strong>Marciani,</strong></span> <span class='ocrx_word' id='word_1_448' title='bbox 971 3354 1266 3414; x_wconf 81' lang='lat' dir='ltr'><strong>Claudiani.</strong></span> 
     </span>
    </p>
   </div>
   <div class='ocr_carea' id='block_1_63' title="bbox 474 3424 1330 3483">
    <p class='ocr_par' dir='ltr' id='par_1_63' title="bbox 474 3424 1330 3483">
     <span class='ocr_line' id='line_1_63' title="bbox 474 3424 1330 3483; baseline 0.008 -7"><span class='ocrx_word' id='word_1_449' title='bbox 474 3424 563 3479; x_wconf 76' lang='grc'><strong>26.</strong></span> <span class='ocrx_word' id='word_1_450' title='bbox 597 3456 664 3469; x_wconf 84' lang='lat'><strong>—-</strong></span> <span class='ocrx_word' id='word_1_451' title='bbox 699 3428 761 3480; x_wconf 82' lang='lat' dir='ltr'><strong>Vl</strong></span> <span class='ocrx_word' id='word_1_452' title='bbox 794 3428 928 3483; x_wconf 65' lang='lat' dir='ltr'><strong>Kac.</strong></span> <span class='ocrx_word' id='word_1_453' title='bbox 968 3429 1127 3482; x_wconf 87' lang='lat' dir='ltr'><strong>Vacat</strong></span> <span class='ocrx_word' id='word_1_454' title='bbox 1157 3431 1330 3483; x_wconf 68' lang='lat' dir='ltr'><strong>Bteda.</strong></span> 
     </span>
    </p>
   </div>
   <div class='ocr_carea' id='block_1_64' title="bbox 480 3496 1981 3567">
    <p class='ocr_par' dir='ltr' id='par_1_64' title="bbox 480 3496 1981 3567">
     <span class='ocr_line' id='line_1_64' title="bbox 480 3496 1981 3567; baseline 0.003 -20"><span class='ocrx_word' id='word_1_455' title='bbox 480 3496 567 3561; x_wconf 83' lang='lat'><strong>1).,</strong></span> <span class='ocrx_word' id='word_1_456' title='bbox 611 3497 791 3550; x_wconf 76' lang='lat' dir='ltr'><strong>Roma:</strong></span> <span class='ocrx_word' id='word_1_457' title='bbox 824 3501 848 3527; x_wconf 77' lang='grc'>⁸</span> <span class='ocrx_word' id='word_1_458' title='bbox 880 3499 995 3553; x_wconf 83' lang='lat' dir='ltr'><strong>Lini</strong></span> <span class='ocrx_word' id='word_1_459' title='bbox 1038 3514 1205 3566; x_wconf 70' lang='lat' dir='ltr'><strong>papre,</strong></span> <span class='ocrx_word' id='word_1_460' title='bbox 1233 3510 1287 3555; x_wconf 78' lang='lat' dir='ltr'><strong>et</strong></span> <span class='ocrx_word' id='word_1_461' title='bbox 1318 3500 1603 3554; x_wconf 81' lang='lat' dir='ltr'><strong>Alexandri</strong></span> <span class='ocrx_word' id='word_1_462' title='bbox 1649 3499 1882 3567; x_wconf 77' lang='lat' dir='ltr'><strong>episcopi</strong></span> <span class='ocrx_word' id='word_1_463' title='bbox 1928 3508 1981 3553; x_wconf 90' lang='lat' dir='ltr'><strong>et</strong></span> 
     </span>
    </p>
   </div>
   <div class='ocr_carea' id='block_1_65' title="bbox 406 3567 1977 3637">
    <p class='ocr_par' dir='ltr' id='par_1_65' title="bbox 406 3567 1977 3637">
     <span class='ocr_line' id='line_1_65' title="bbox 406 3567 1977 3637; baseline 0.003 -20"><span class='ocrx_word' id='word_1_464' title='bbox 406 3567 658 3637; x_wconf 69' lang='lat' dir='ltr'><strong>martyris</strong></span> <span class='ocrx_word' id='word_1_465' title='bbox 682 3569 818 3633; x_wconf 89' lang='lat' dir='ltr'><strong>passi</strong></span> <span class='ocrx_word' id='word_1_466' title='bbox 844 3584 892 3620; x_wconf 88' lang='lat' dir='ltr'><strong>xI</strong></span> <span class='ocrx_word' id='word_1_467' title='bbox 920 3568 1319 3632; x_wconf 87' lang='lat' dir='ltr'><strong>Kal.0ctobris,</strong></span> <span class='ocrx_word' id='word_1_468' title='bbox 1337 3585 1365 3621; x_wconf 92' lang='lat' dir='ltr'><strong>a</strong></span> <span class='ocrx_word' id='word_1_469' title='bbox 1394 3586 1523 3637; x_wconf 89' lang='lat' dir='ltr'><strong>papa</strong></span> <span class='ocrx_word' id='word_1_470' title='bbox 1545 3572 1772 3625; x_wconf 84' lang='lat' dir='ltr'><strong>Damaso</strong></span> <span class='ocrx_word' id='word_1_471' title='bbox 1797 3585 1844 3621; x_wconf 88' lang='lat' dir='ltr'><strong>vt</strong></span> <span class='ocrx_word' id='word_1_472' title='bbox 1864 3568 1977 3621; x_wconf 88' lang='lat' dir='ltr'><strong>Kal.</strong></span> 
     </span>
    </p>
   </div>
   <div class='ocr_carea' id='block_1_66' title="bbox 405 3635 1975 3704">
    <p class='ocr_par' dir='ltr' id='par_1_66' title="bbox 405 3635 1975 3704">
     <span class='ocr_line' id='line_1_66' title="bbox 405 3635 1975 3704; baseline 0.002 -16"><span class='ocrx_word' id='word_1_473' title='bbox 405 3635 714 3691; x_wconf 84' lang='lat' dir='ltr'><strong>Decembris</strong></span> <span class='ocrx_word' id='word_1_474' title='bbox 734 3640 992 3703; x_wconf 75' lang='lat' dir='ltr'><strong>translati,</strong></span> <span class='ocrx_word' id='word_1_475' title='bbox 1010 3640 1219 3704; x_wconf 85' lang='lat' dir='ltr'><strong>quando</strong></span> <span class='ocrx_word' id='word_1_476' title='bbox 1239 3635 1573 3694; x_wconf 81' lang='lat' dir='ltr'><strong>festivitatem</strong></span> <span class='ocrx_word' id='word_1_477' title='bbox 1597 3640 1809 3694; x_wconf 87' lang='lat' dir='ltr'><strong>dicavit.</strong></span> <span class='ocrx_word' id='word_1_478' title='bbox 1840 3640 1894 3690; x_wconf 79' lang='grc' dir='ltr'><strong>Β.</strong></span> <span class='ocrx_word' id='word_1_479' title='bbox 1915 3638 1975 3691; x_wconf 90' lang='lat' dir='ltr'><strong>C.</strong></span> 
     </span>
    </p>
   </div>
   <div class='ocr_carea' id='block_1_67' title="bbox 403 3705 1967 3777">
    <p class='ocr_par' dir='ltr' id='par_1_67' title="bbox 403 3705 1967 3777">
     <span class='ocr_line' id='line_1_67' title="bbox 403 3705 1967 3777; baseline 0.001 -19"><span class='ocrx_word' id='word_1_480' title='bbox 403 3705 467 3777; x_wconf 67' lang='grc' dir='ltr'><strong>Υ.</strong></span> <span class='ocrx_word' id='word_1_481' title='bbox 486 3710 547 3777; x_wconf 82' lang='lat' dir='ltr'><strong>A.</strong></span> <span class='ocrx_word' id='word_1_482' title='bbox 569 3707 631 3760; x_wconf 89' lang='grc' dir='ltr'><strong>Τ.</strong></span> <span class='ocrx_word' id='word_1_483' title='bbox 658 3708 742 3773; x_wconf 64' lang='grc' dir='ltr'><strong>ι...</strong></span> <span class='ocrx_word' id='word_1_484' title='bbox 768 3708 951 3762; x_wconf 67' lang='lat' dir='ltr'><strong>Roma:</strong></span> <span class='ocrx_word' id='word_1_485' title='bbox 978 3711 1071 3765; x_wconf 90' lang='lat' dir='ltr'><strong>SS.</strong></span> <span class='ocrx_word' id='word_1_486' title='bbox 1095 3710 1309 3765; x_wconf 79' lang='lat' dir='ltr'><strong>bSiricii</strong></span> <span class='ocrx_word' id='word_1_487' title='bbox 1332 3712 1561 3777; x_wconf 88' lang='lat' dir='ltr'><strong>episcopi</strong></span> <span class='ocrx_word' id='word_1_488' title='bbox 1596 3720 1648 3764; x_wconf 91' lang='lat' dir='ltr'><strong>et</strong></span> <span class='ocrx_word' id='word_1_489' title='bbox 1676 3708 1967 3764; x_wconf 60' lang='lat' dir='ltr'><strong>Saturnini.</strong></span> 
     </span>
    </p>
   </div>
   <div class='ocr_carea' id='block_1_68' title="bbox 404 3776 1967 3848">
    <p class='ocr_par' dir='ltr' id='par_1_68' title="bbox 404 3776 1967 3848">
     <span class='ocr_line' id='line_1_68' title="bbox 404 3776 1967 3848; baseline 0.003 -21"><span class='ocrx_word' id='word_1_490' title='bbox 404 3776 461 3848; x_wconf 86' lang='lat' dir='ltr'><strong>l_u</strong></span> <span class='ocrx_word' id='word_1_491' title='bbox 486 3776 723 3848; x_wconf 69' lang='lat' dir='ltr'><strong>Aquileia</strong></span> <span class='ocrx_word' id='word_1_492' title='bbox 750 3783 769 3807; x_wconf 71' lang='grc' dir='ltr'>ε</span> <span class='ocrx_word' id='word_1_493' title='bbox 806 3778 1065 3834; x_wconf 87' lang='lat' dir='ltr'><strong>Valeriani</strong></span> <span class='ocrx_word' id='word_1_494' title='bbox 1096 3781 1327 3848; x_wconf 71' lang='lat' dir='ltr'><strong>episcotii</strong></span> <span class='ocrx_word' id='word_1_495' title='bbox 1359 3776 1412 3835; x_wconf 89' lang='lat' dir='ltr'><strong>et</strong></span> <span class='ocrx_word' id='word_1_496' title='bbox 1433 3776 1776 3834; x_wconf 82' lang='lat' dir='ltr'><strong>confessoris.</strong></span> <span class='ocrx_word' id='word_1_497' title='bbox 1816 3780 1873 3831; x_wconf 79' lang='grc' dir='ltr'><strong>Β.</strong></span> <span class='ocrx_word' id='word_1_498' title='bbox 1904 3781 1967 3831; x_wconf 77' lang='grc' dir='ltr'><strong>Α.</strong></span> 
     </span>
    </p>
   </div>
   <div class='ocr_carea' id='block_1_69' title="bbox 402 3844 1933 3919">
    <p class='ocr_par' dir='ltr' id='par_1_69' title="bbox 402 3844 1933 3919">
     <span class='ocr_line' id='line_1_69' title="bbox 402 3844 1933 3919; baseline 0.001 -20"><span class='ocrx_word' id='word_1_499' title='bbox 402 3844 466 3899; x_wconf 89' lang='grc' dir='ltr'><strong>Τ.</strong></span> <span class='ocrx_word' id='word_1_500' title='bbox 497 3845 580 3912; x_wconf 88' lang='lat' dir='ltr'><strong>L.,</strong></span> <span class='ocrx_word' id='word_1_501' title='bbox 607 3849 972 3918; x_wconf 78' lang='lat' dir='ltr'><strong>Angustiduno</strong></span> <span class='ocrx_word' id='word_1_502' title='bbox 1002 3844 1263 3919; x_wconf 44' lang='lat' dir='ltr'><strong>depositio</strong></span> <span class='ocrx_word' id='word_1_503' title='bbox 1284 3844 1350 3907; x_wconf 11' lang='lat' dir='ltr'><strong>VS.</strong></span> <span class='ocrx_word' id='word_1_504' title='bbox 1380 3852 1649 3905; x_wconf 84' lang='lat' dir='ltr'><strong>Amatoris</strong></span> <span class='ocrx_word' id='word_1_505' title='bbox 1676 3850 1933 3919; x_wconf 89' lang='lat' dir='ltr'><strong>episc0pi.</strong></span> 
     </span>
    </p>
   </div>
   <div class='ocr_carea' id='block_1_70' title="bbox 468 3936 1281 3997">
    <p class='ocr_par' dir='ltr' id='par_1_70' title="bbox 468 3936 1281 3997">
     <span class='ocr_line' id='line_1_70' title="bbox 468 3936 1281 3997; baseline 0.006 -9"><span class='ocrx_word' id='word_1_506' title='bbox 468 3936 557 3988; x_wconf 74' lang='lat'><strong>27.</strong></span> <span class='ocrx_word' id='word_1_507' title='bbox 582 3966 653 3977; x_wconf 92' lang='lat'><strong><em>—</em></strong></span> <span class='ocrx_word' id='word_1_508' title='bbox 685 3938 723 3990; x_wconf 85' lang='lat' dir='ltr'><strong>V</strong></span> <span class='ocrx_word' id='word_1_509' title='bbox 749 3938 886 3992; x_wconf 73' lang='grc' dir='ltr'><strong>ΚΑι..</strong></span> <span class='ocrx_word' id='word_1_510' title='bbox 922 3939 1083 3992; x_wconf 84' lang='lat' dir='ltr'><strong>Vacat</strong></span> <span class='ocrx_word' id='word_1_511' title='bbox 1108 3941 1281 3997; x_wconf 65' lang='lat' dir='ltr'><strong>Bazda.</strong></span> 
     </span>
    </p>
   </div>
   <div class='ocr_carea' id='block_1_71' title="bbox 475 4005 1973 4074">
    <p class='ocr_par' dir='ltr' id='par_1_71' title="bbox 475 4005 1973 4074">
     <span class='ocr_line' id='line_1_71' title="bbox 475 4005 1973 4074; baseline 0.004 -19"><span class='ocrx_word' id='word_1_512' title='bbox 475 4005 538 4058; x_wconf 85' lang='lat' dir='ltr'><strong>V.</strong></span> <span class='ocrx_word' id='word_1_513' title='bbox 572 4006 652 4065; x_wconf 67' lang='grc' dir='ltr'><strong>(λ,</strong></span> <span class='ocrx_word' id='word_1_514' title='bbox 687 4007 739 4059; x_wconf 94' lang='lat' dir='ltr'><strong>In</strong></span> <span class='ocrx_word' id='word_1_515' title='bbox 773 4010 1074 4063; x_wconf 86' lang='lat' dir='ltr'><strong>Nicomedia</strong></span> <span class='ocrx_word' id='word_1_516' title='bbox 1119 4011 1373 4074; x_wconf 84' lang='lat' dir='ltr'><strong>Marcelli,</strong></span> <span class='ocrx_word' id='word_1_517' title='bbox 1405 4011 1568 4073; x_wconf 81' lang='lat' dir='ltr'><strong>Petri,</strong></span> <span class='ocrx_word' id='word_1_518' title='bbox 1611 4011 1851 4071; x_wconf 70' lang='lat' dir='ltr'><strong>Screnm.</strong></span> <span class='ocrx_word' id='word_1_519' title='bbox 1884 4009 1973 4061; x_wconf 83' lang='lat' dir='ltr'><strong>Vi-</strong></span> 
     </span>
    </p>
   </div>
   <div class='ocr_carea' id='block_1_72' title="bbox 399 4075 1968 4151">
    <p class='ocr_par' dir='ltr' id='par_1_72' title="bbox 399 4075 1968 4151">
     <span class='ocr_line' id='line_1_72' title="bbox 399 4075 1968 4151; baseline 0.002 -22"><span class='ocrx_word' id='word_1_520' title='bbox 399 4075 591 4129; x_wconf 84' lang='lat' dir='ltr'><strong>ctorini</strong></span> <span class='ocrx_word' id='word_1_521' title='bbox 622 4075 732 4148; x_wconf 90' lang='lat' dir='ltr'><strong>[C.,</strong></span> <span class='ocrx_word' id='word_1_522' title='bbox 766 4077 1080 4151; x_wconf 71' lang='lat' dir='ltr'><strong>Luctoriui].</strong></span> <span class='ocrx_word' id='word_1_523' title='bbox 1115 4079 1174 4134; x_wconf 85' lang='lat' dir='ltr'><strong>V.</strong></span> <span class='ocrx_word' id='word_1_524' title='bbox 1199 4081 1257 4136; x_wconf 82' lang='lat' dir='ltr'><strong>C.</strong></span> <span class='ocrx_word' id='word_1_525' title='bbox 1289 4081 1374 4146; x_wconf 91' lang='lat' dir='ltr'><strong>D.,</strong></span> <span class='ocrx_word' id='word_1_526' title='bbox 1411 4082 1463 4133; x_wconf 91' lang='lat' dir='ltr'><strong>In</strong></span> <span class='ocrx_word' id='word_1_527' title='bbox 1493 4081 1705 4135; x_wconf 86' lang='lat' dir='ltr'><strong>civitate</strong></span> <span class='ocrx_word' id='word_1_528' title='bbox 1733 4081 1968 4135; x_wconf 77' lang='lat' dir='ltr'><strong>Bononia</strong></span> 
     </span>
    </p>
   </div>
   <div class='ocr_carea' id='block_1_73' title="bbox 2093 3284 3672 3357">
    <p class='ocr_par' dir='ltr' id='par_1_73' title="bbox 2093 3284 3672 3357">
     <span class='ocr_line' id='line_1_73' title="bbox 2093 3284 3672 3357; baseline -0.001 -15"><span class='ocrx_word' id='word_1_529' title='bbox 2093 3286 2355 3357; x_wconf 75' lang='lat' dir='ltr'><strong>Agricolre</strong></span> <span class='ocrx_word' id='word_1_530' title='bbox 2381 3294 2433 3339; x_wconf 90' lang='lat' dir='ltr'><strong>et</strong></span> <span class='ocrx_word' id='word_1_531' title='bbox 2459 3285 2647 3339; x_wconf 87' lang='lat' dir='ltr'><strong>Vitalis</strong></span> <span class='ocrx_word' id='word_1_532' title='bbox 2671 3295 2988 3357; x_wconf 79' lang='lat' dir='ltr'><strong>martyrum.</strong></span> <span class='ocrx_word' id='word_1_533' title='bbox 3019 3285 3200 3357; x_wconf 74' lang='lat' dir='ltr'><strong>A._I..,</strong></span> <span class='ocrx_word' id='word_1_534' title='bbox 3236 3284 3539 3357; x_wconf 78' lang='lat' dir='ltr'><strong>Nicomedia</strong></span> <span class='ocrx_word' id='word_1_535' title='bbox 3572 3304 3672 3340; x_wconf 89' lang='lat' dir='ltr'><strong>na-</strong></span> 
     </span>
    </p>
   </div>
   <div class='ocr_carea' id='block_1_74' title="bbox 2094 3354 3661 3427">
    <p class='ocr_par' dir='ltr' id='par_1_74' title="bbox 2094 3354 3661 3427">
     <span class='ocr_line' id='line_1_74' title="bbox 2094 3354 3661 3427; baseline -0.003 -16"><span class='ocrx_word' id='word_1_536' title='bbox 2094 3354 2197 3412; x_wconf 80' lang='lat' dir='ltr'><strong>taie</strong></span> <span class='ocrx_word' id='word_1_537' title='bbox 2221 3357 2319 3410; x_wconf 84' lang='lat' dir='ltr'><strong>SS.</strong></span> <span class='ocrx_word' id='word_1_538' title='bbox 2352 3357 2510 3419; x_wconf 79' lang='lat' dir='ltr'><strong>Petri,</strong></span> <span class='ocrx_word' id='word_1_539' title='bbox 2546 3357 2776 3427; x_wconf 83' lang='lat' dir='ltr'><strong>Marcelli</strong></span> <span class='ocrx_word' id='word_1_540' title='bbox 2924 3372 3051 3422; x_wconf 88' lang='lat' dir='ltr'><strong>om.,</strong></span> <span class='ocrx_word' id='word_1_541' title='bbox 3083 3354 3360 3427; x_wconf 76' lang='lat' dir='ltr'><strong>Marcelli],</strong></span> <span class='ocrx_word' id='word_1_542' title='bbox 3386 3368 3436 3410; x_wconf 86' lang='lat' dir='ltr'><strong>et</strong></span> <span class='ocrx_word' id='word_1_543' title='bbox 3461 3358 3661 3422; x_wconf 84' lang='lat' dir='ltr'><strong>Serini;</strong></span> 
     </span>
    </p>
   </div>
   <div class='ocr_carea' id='block_1_75' title="bbox 2092 3426 3662 3496">
    <p class='ocr_par' dir='ltr' id='par_1_75' title="bbox 2092 3426 3662 3496">
     <span class='ocr_line' id='line_1_75' title="bbox 2092 3426 3662 3496; baseline 0.003 -19"><span class='ocrx_word' id='word_1_544' title='bbox 2092 3441 2314 3496; x_wconf 88' lang='lat' dir='ltr'><strong>quorum</strong></span> <span class='ocrx_word' id='word_1_545' title='bbox 2363 3427 2496 3477; x_wconf 90' lang='lat' dir='ltr'><strong>alter</strong></span> <span class='ocrx_word' id='word_1_546' title='bbox 2526 3441 2622 3494; x_wconf 91' lang='lat' dir='ltr'><strong>pro</strong></span> <span class='ocrx_word' id='word_1_547' title='bbox 2669 3426 2771 3479; x_wconf 86' lang='lat' dir='ltr'><strong>fide</strong></span> <span class='ocrx_word' id='word_1_548' title='bbox 2814 3426 3009 3496; x_wconf 77' lang='lat' dir='ltr'><strong>Christi</strong></span> <span class='ocrx_word' id='word_1_549' title='bbox 3059 3427 3364 3486; x_wconf 79' lang='lat' dir='ltr'><strong>crucifixus,</strong></span> <span class='ocrx_word' id='word_1_550' title='bbox 3400 3427 3533 3480; x_wconf 88' lang='lat' dir='ltr'><strong>alter</strong></span> <span class='ocrx_word' id='word_1_551' title='bbox 3564 3430 3662 3482; x_wconf 86' lang='lat' dir='ltr'><strong>fuit</strong></span> 
     </span>
    </p>
   </div>
   <div class='ocr_carea' id='block_1_76' title="bbox 2082 3495 3660 3563">
    <p class='ocr_par' dir='ltr' id='par_1_76' title="bbox 2082 3495 3660 3563">
     <span class='ocr_line' id='line_1_76' title="bbox 2082 3495 3660 3563; baseline -0.002 -11"><span class='ocrx_word' id='word_1_552' title='bbox 2082 3495 2253 3563; x_wconf 87' lang='lat' dir='ltr'><strong>capite</strong></span> <span class='ocrx_word' id='word_1_553' title='bbox 2287 3496 2489 3563; x_wconf 85' lang='lat' dir='ltr'><strong>plexos.</strong></span> <span class='ocrx_word' id='word_1_554' title='bbox 2524 3496 2739 3549; x_wconf 83' lang='lat' dir='ltr'><strong>Rectius</strong></span> <span class='ocrx_word' id='word_1_555' title='bbox 2764 3505 2818 3549; x_wconf 91' lang='lat' dir='ltr'><strong>et</strong></span> <span class='ocrx_word' id='word_1_556' title='bbox 2846 3495 3099 3561; x_wconf 72' lang='lat' dir='ltr'><strong>integrius</strong></span> <span class='ocrx_word' id='word_1_557' title='bbox 3130 3497 3192 3548; x_wconf 85' lang='grc' dir='ltr'><strong>Τ.</strong></span> <span class='ocrx_word' id='word_1_558' title='bbox 3226 3496 3307 3557; x_wconf 80' lang='grc' dir='ltr'><strong>Β..</strong></span> <span class='ocrx_word' id='word_1_559' title='bbox 3356 3497 3660 3549; x_wconf 81' lang='lat' dir='ltr'><strong>Nicomedia</strong></span> 
     </span>
    </p>
   </div>
   <div class='ocr_carea' id='block_1_77' title="bbox 2085 3565 3661 3628">
    <p class='ocr_par' dir='ltr' id='par_1_77' title="bbox 2085 3565 3661 3628">
     <span class='ocr_line' id='line_1_77' title="bbox 2085 3565 3661 3628; baseline 0.001 -8"><span class='ocrx_word' id='word_1_560' title='bbox 2085 3570 2258 3621; x_wconf 82' lang='lat' dir='ltr'><strong>natale</strong></span> <span class='ocrx_word' id='word_1_561' title='bbox 2289 3567 2385 3620; x_wconf 87' lang='lat' dir='ltr'><strong>SS.</strong></span> <span class='ocrx_word' id='word_1_562' title='bbox 2422 3566 2676 3628; x_wconf 83' lang='lat' dir='ltr'><strong>Marcelli,</strong></span> <span class='ocrx_word' id='word_1_563' title='bbox 2706 3565 2844 3617; x_wconf 87' lang='lat' dir='ltr'><strong>Petri</strong></span> <span class='ocrx_word' id='word_1_564' title='bbox 2878 3579 2930 3618; x_wconf 90' lang='lat' dir='ltr'><strong>et</strong></span> <span class='ocrx_word' id='word_1_565' title='bbox 2958 3566 3164 3621; x_wconf 89' lang='lat' dir='ltr'><strong>Sereni.</strong></span> <span class='ocrx_word' id='word_1_566' title='bbox 3194 3567 3245 3617; x_wconf 92' lang='lat' dir='ltr'><strong>lu</strong></span> <span class='ocrx_word' id='word_1_567' title='bbox 3280 3566 3423 3618; x_wconf 74' lang='lat' dir='ltr'><strong>Italia</strong></span> <span class='ocrx_word' id='word_1_568' title='bbox 3447 3567 3661 3621; x_wconf 86' lang='lat' dir='ltr'><strong>civitate</strong></span> 
     </span>
    </p>
   </div>
   <div class='ocr_carea' id='block_1_78' title="bbox 2086 3637 3667 3703">
    <p class='ocr_par' dir='ltr' id='par_1_78' title="bbox 2086 3637 3667 3703">
     <span class='ocr_line' id='line_1_78' title="bbox 2086 3637 3667 3703; baseline -0.003 -12"><span class='ocrx_word' id='word_1_569' title='bbox 2086 3637 2319 3692; x_wconf 87' lang='lat' dir='ltr'><strong>Bononia</strong></span> <span class='ocrx_word' id='word_1_570' title='bbox 2348 3640 2525 3703; x_wconf 79' lang='lat' dir='ltr'><strong>passio</strong></span> <span class='ocrx_word' id='word_1_571' title='bbox 2549 3638 2641 3689; x_wconf 80' lang='lat' dir='ltr'><strong>SS.</strong></span> <span class='ocrx_word' id='word_1_572' title='bbox 2672 3637 2927 3698; x_wconf 64' lang='lat' dir='ltr'><strong>Agricolae</strong></span> <span class='ocrx_word' id='word_1_573' title='bbox 2965 3647 3018 3689; x_wconf 91' lang='lat' dir='ltr'><strong>et</strong></span> <span class='ocrx_word' id='word_1_574' title='bbox 3046 3637 3258 3696; x_wconf 74' lang='lat' dir='ltr'><strong>Vitalis;</strong></span> <span class='ocrx_word' id='word_1_575' title='bbox 3285 3637 3457 3703; x_wconf 81' lang='lat' dir='ltr'><strong>pergit</strong></span> <span class='ocrx_word' id='word_1_576' title='bbox 3484 3637 3545 3688; x_wconf 88' lang='grc' dir='ltr'><strong>Τ.</strong></span> <span class='ocrx_word' id='word_1_577' title='bbox 3576 3653 3667 3688; x_wconf 81' lang='lat' dir='ltr'><strong>so-</strong></span> 
     </span>
    </p>
   </div>
   <div class='ocr_carea' id='block_1_79' title="bbox 2076 3705 3658 3772">
    <p class='ocr_par' dir='ltr' id='par_1_79' title="bbox 2076 3705 3658 3772">
     <span class='ocr_line' id='line_1_79' title="bbox 2076 3705 3658 3772; baseline -0.003 -11"><span class='ocrx_word' id='word_1_578' title='bbox 2076 3710 2182 3761; x_wconf 89' lang='lat' dir='ltr'><strong>lum</strong></span> <span class='ocrx_word' id='word_1_579' title='bbox 2213 3726 2223 3758; x_wconf 91' lang='lat'>:</span> <span class='ocrx_word' id='word_1_580' title='bbox 2252 3708 2484 3771; x_wconf 77' lang='lat' dir='ltr'><strong>Quorum</strong></span> <span class='ocrx_word' id='word_1_581' title='bbox 2535 3706 2669 3757; x_wconf 86' lang='lat' dir='ltr'><strong>alter</strong></span> <span class='ocrx_word' id='word_1_582' title='bbox 2709 3706 2804 3758; x_wconf 84' lang='lat' dir='ltr'><strong>fuit</strong></span> <span class='ocrx_word' id='word_1_583' title='bbox 2845 3721 2943 3772; x_wconf 86' lang='lat' dir='ltr'><strong>pro</strong></span> <span class='ocrx_word' id='word_1_584' title='bbox 2990 3706 3091 3760; x_wconf 86' lang='lat' dir='ltr'><strong>ﬁde</strong></span> <span class='ocrx_word' id='word_1_585' title='bbox 3121 3705 3315 3759; x_wconf 78' lang='lat' dir='ltr'><strong>Cittisti</strong></span> <span class='ocrx_word' id='word_1_586' title='bbox 3347 3706 3658 3767; x_wconf 80' lang='lat' dir='ltr'><strong>crucifixus,</strong></span> 
     </span>
    </p>
   </div>
   <div class='ocr_carea' id='block_1_80' title="bbox 2075 3775 3661 3842">
    <p class='ocr_par' dir='ltr' id='par_1_80' title="bbox 2075 3775 3661 3842">
     <span class='ocr_line' id='line_1_80' title="bbox 2075 3775 3661 3842; baseline -0.001 -11"><span class='ocrx_word' id='word_1_587' title='bbox 2075 3782 2211 3831; x_wconf 69' lang='lat' dir='ltr'><strong>alter</strong></span> <span class='ocrx_word' id='word_1_588' title='bbox 2226 3777 2395 3841; x_wconf 88' lang='lat' dir='ltr'><strong>capite</strong></span> <span class='ocrx_word' id='word_1_589' title='bbox 2416 3776 2625 3842; x_wconf 85' lang='lat' dir='ltr'><strong>plexus.</strong></span> <span class='ocrx_word' id='word_1_590' title='bbox 2647 3776 2699 3828; x_wconf 92' lang='lat' dir='ltr'><strong>In</strong></span> <span class='ocrx_word' id='word_1_591' title='bbox 2719 3776 3205 3829; x_wconf 80' lang='lat' dir='ltr'><strong>Mediolanouatale</strong></span> <span class='ocrx_word' id='word_1_592' title='bbox 3221 3775 3459 3840; x_wconf 83' lang='lat' dir='ltr'><strong>Joannis,</strong></span> <span class='ocrx_word' id='word_1_593' title='bbox 3476 3775 3661 3830; x_wconf 77' lang='lat' dir='ltr'><strong>Set-eri</strong></span> 
     </span>
    </p>
   </div>
   <div class='ocr_carea' id='block_1_81' title="bbox 2084 3846 3659 3916">
    <p class='ocr_par' dir='ltr' id='par_1_81' title="bbox 2084 3846 3659 3916">
     <span class='ocr_line' id='line_1_81' title="bbox 2084 3846 3659 3916; baseline -0.001 -15"><span class='ocrx_word' id='word_1_594' title='bbox 2084 3860 2241 3916; x_wconf 84' lang='lat' dir='ltr'><strong>atque</strong></span> <span class='ocrx_word' id='word_1_595' title='bbox 2269 3846 2726 3916; x_wconf 19' lang='lat' dir='ltr'><strong>Audreteulidem</strong></span> <span class='ocrx_word' id='word_1_596' title='bbox 2760 3847 3019 3916; x_wconf 84' lang='lat' dir='ltr'><strong>habentur</strong></span> <span class='ocrx_word' id='word_1_597' title='bbox 3067 3847 3116 3898; x_wconf 94' lang='lat' dir='ltr'><strong>in</strong></span> <span class='ocrx_word' id='word_1_598' title='bbox 3151 3846 3210 3898; x_wconf 88' lang='lat' dir='ltr'><strong>L.</strong></span> <span class='ocrx_word' id='word_1_599' title='bbox 3242 3846 3659 3916; x_wconf 79' lang='lat' dir='ltr'><strong>Sedperperam</strong></span> 
     </span>
    </p>
   </div>
   <div class='ocr_carea' id='block_1_82' title="bbox 2087 3913 3661 3985">
    <p class='ocr_par' dir='ltr' id='par_1_82' title="bbox 2087 3913 3661 3985">
     <span class='ocr_line' id='line_1_82' title="bbox 2087 3913 3661 3985; baseline -0.002 -14"><span class='ocrx_word' id='word_1_600' title='bbox 2087 3913 2409 3985; x_wconf 62' lang='lat' dir='ltr'><strong>prirponitur</strong></span> <span class='ocrx_word' id='word_1_601' title='bbox 2456 3932 2468 3967; x_wconf 92' lang='lat'><strong>:</strong></span> <span class='ocrx_word' id='word_1_602' title='bbox 2513 3913 2743 3970; x_wconf 88' lang='lat' dir='ltr'><strong>Civitate</strong></span> <span class='ocrx_word' id='word_1_603' title='bbox 2776 3915 3010 3970; x_wconf 89' lang='lat' dir='ltr'><strong>Bononia</strong></span> <span class='ocrx_word' id='word_1_604' title='bbox 3042 3918 3215 3984; x_wconf 87' lang='lat' dir='ltr'><strong>passio</strong></span> <span class='ocrx_word' id='word_1_605' title='bbox 3246 3914 3504 3984; x_wconf 66' lang='lat' dir='ltr'><strong>Agricola:</strong></span> <span class='ocrx_word' id='word_1_606' title='bbox 3549 3919 3661 3968; x_wconf 87' lang='lat' dir='ltr'><strong>vir-</strong></span> 
     </span>
    </p>
   </div>
   <div class='ocr_carea' id='block_1_83' title="bbox 2079 4004 2239 4058">
    <p class='ocr_par' dir='ltr' id='par_1_83' title="bbox 2079 4004 2239 4058">
     <span class='ocr_line' id='line_1_83' title="bbox 2079 4004 2239 4058; baseline 0 -17"><span class='ocrx_word' id='word_1_607' title='bbox 2079 4004 2239 4058; x_wconf 80' lang='lat' dir='ltr'><strong>ginis.</strong></span> 
     </span>
    </p>
   </div>
   <div class='ocr_carea' id='block_1_84' title="bbox 2148 4076 2993 4133">
    <p class='ocr_par' dir='ltr' id='par_1_84' title="bbox 2148 4076 2993 4133">
     <span class='ocr_line' id='line_1_84' title="bbox 2148 4076 2993 4133; baseline -0.004 0"><span class='ocrx_word' id='word_1_608' title='bbox 2148 4079 2237 4133; x_wconf 68' lang='lat'><strong>28.</strong></span> <span class='ocrx_word' id='word_1_609' title='bbox 2269 4109 2338 4118; x_wconf 92' lang='lat'><strong><em>—</em></strong></span> <span class='ocrx_word' id='word_1_610' title='bbox 2370 4076 2434 4132; x_wconf 86' lang='lat' dir='ltr'><strong>IV</strong></span> <span class='ocrx_word' id='word_1_611' title='bbox 2466 4076 2597 4131; x_wconf 78' lang='grc' dir='ltr'><strong>ΚΑι..</strong></span> <span class='ocrx_word' id='word_1_612' title='bbox 2629 4076 2792 4131; x_wconf 74' lang='lat' dir='ltr'><strong>Vacat</strong></span> <span class='ocrx_word' id='word_1_613' title='bbox 2819 4076 2993 4131; x_wconf 65' lang='lat' dir='ltr'><strong>Baeda.</strong></span> 
     </span>
    </p>
   </div>
   <div class='ocr_carea' id='block_1_85' title="bbox 1808 4166 2281 4227">
    <p class='ocr_par' dir='ltr' id='par_1_85' title="bbox 1808 4166 2281 4227">
     <span class='ocr_line' id='line_1_85' title="bbox 1808 4166 2281 4227; baseline -0.008 0"><span class='ocrx_word' id='word_1_614' title='bbox 1808 4170 2012 4227; x_wconf 79' lang='lat' dir='ltr'><strong>SMITII</strong></span> <span class='ocrx_word' id='word_1_615' title='bbox 2053 4166 2281 4223; x_wconf 66' lang='lat' dir='ltr'><strong>NOTAE.</strong></span> 
     </span>
    </p>
   </div>
   <div class='ocr_carea' id='block_1_86' title="bbox 399 4257 1967 4330">
    <p class='ocr_par' dir='ltr' id='par_1_86' title="bbox 399 4257 1967 4330">
     <span class='ocr_line' id='line_1_86' title="bbox 399 4257 1967 4330; baseline 0.003 -20"><span class='ocrx_word' id='word_1_616' title='bbox 399 4259 534 4311; x_wconf 88' lang='lat' dir='ltr'><strong>losa.</strong></span> <span class='ocrx_word' id='word_1_617' title='bbox 560 4257 969 4325; x_wconf 84' lang='lat' dir='ltr'><strong>Papebrochius,</strong></span> <span class='ocrx_word' id='word_1_618' title='bbox 996 4263 1045 4316; x_wconf 91' lang='lat' dir='ltr'><strong>in</strong></span> <span class='ocrx_word' id='word_1_619' title='bbox 1073 4261 1514 4330; x_wconf 87' lang='lat' dir='ltr'><strong>Ephemeridibus</strong></span> <span class='ocrx_word' id='word_1_620' title='bbox 1539 4263 1967 4325; x_wconf 69' lang='lat' dir='ltr'><strong>Grmcu-Moscis,</strong></span> 
     </span>
    </p>
   </div>
   <div class='ocr_carea' id='block_1_87' title="bbox 395 4331 1966 4405">
    <p class='ocr_par' dir='ltr' id='par_1_87' title="bbox 395 4331 1966 4405">
     <span class='ocr_line' id='line_1_87' title="bbox 395 4331 1966 4405; baseline 0.006 -29"><span class='ocrx_word' id='word_1_621' title='bbox 395 4331 727 4405; x_wconf 32' lang='lat' dir='ltr'><strong>quasprin‘ri</strong></span> <span class='ocrx_word' id='word_1_622' title='bbox 767 4340 923 4405; x_wconf 75' lang='lat' dir='ltr'><strong>torno</strong></span> <span class='ocrx_word' id='word_1_623' title='bbox 948 4334 1266 4405; x_wconf 82' lang='lat' dir='ltr'><strong>sanctorum</strong></span> <span class='ocrx_word' id='word_1_624' title='bbox 1310 4335 1510 4405; x_wconf 73' lang='lat' dir='ltr'><strong>mensis</strong></span> <span class='ocrx_word' id='word_1_625' title='bbox 1558 4336 1677 4388; x_wconf 87' lang='lat' dir='ltr'><strong>Maii</strong></span> <span class='ocrx_word' id='word_1_626' title='bbox 1725 4334 1966 4401; x_wconf 73' lang='lat' dir='ltr'><strong>praeﬁxit,</strong></span> 
     </span>
    </p>
   </div>
   <div class='ocr_carea' id='block_1_88' title="bbox 398 4398 1968 4457">
    <p class='ocr_par' dir='ltr' id='par_1_88' title="bbox 398 4398 1968 4457">
     <span class='ocr_line' id='line_1_88' title="bbox 398 4398 1968 4457; baseline 0.004 -8"><span class='ocrx_word' id='word_1_627' title='bbox 398 4399 462 4449; x_wconf 86' lang='lat' dir='ltr'><strong>ad</strong></span> <span class='ocrx_word' id='word_1_628' title='bbox 491 4398 629 4451; x_wconf 87' lang='lat' dir='ltr'><strong>diem</strong></span> <span class='ocrx_word' id='word_1_629' title='bbox 659 4399 729 4451; x_wconf 72' lang='lat'><strong>9.5</strong></span> <span class='ocrx_word' id='word_1_630' title='bbox 758 4402 954 4454; x_wconf 87' lang='lat' dir='ltr'><strong>mensis</strong></span> <span class='ocrx_word' id='word_1_631' title='bbox 1005 4403 1317 4456; x_wconf 69' lang='lat' dir='ltr'><strong>Novembris</strong></span> <span class='ocrx_word' id='word_1_632' title='bbox 1365 4398 1439 4457; x_wconf 76' lang='lat' dir='ltr'><strong>ait</strong></span> <span class='ocrx_word' id='word_1_633' title='bbox 1474 4424 1484 4456; x_wconf 91' lang='lat'>:</span> <span class='ocrx_word' id='word_1_634' title='bbox 1527 4423 1545 4455; x_wconf 78' lang='lat' dir='ltr'><strong>t</strong></span> <span class='ocrx_word' id='word_1_635' title='bbox 1587 4398 1968 4457; x_wconf 50' lang='lat' dir='ltr'><strong>lizeeater‘uam</strong></span> 
     </span>
    </p>
   </div>
   <div class='ocr_carea' id='block_1_89' title="bbox 399 4465 1968 4541">
    <p class='ocr_par' dir='ltr' id='par_1_89' title="bbox 399 4465 1968 4541">
     <span class='ocr_line' id='line_1_89' title="bbox 399 4465 1968 4541; baseline 0.003 -22"><span class='ocrx_word' id='word_1_636' title='bbox 399 4465 588 4530; x_wconf 74' lang='lat' dir='ltr'><strong>Cra-ci,</strong></span> <span class='ocrx_word' id='word_1_637' title='bbox 616 4469 784 4523; x_wconf 87' lang='lat' dir='ltr'><strong>Latini</strong></span> <span class='ocrx_word' id='word_1_638' title='bbox 806 4471 1144 4524; x_wconf 77' lang='lat' dir='ltr'><strong>Catharinam</strong></span> <span class='ocrx_word' id='word_1_639' title='bbox 1166 4474 1597 4541; x_wconf 85' lang='lat' dir='ltr'><strong>appellant.Acta</strong></span> <span class='ocrx_word' id='word_1_640' title='bbox 1629 4476 1765 4541; x_wconf 90' lang='lat' dir='ltr'><strong>apud</strong></span> <span class='ocrx_word' id='word_1_641' title='bbox 1795 4482 1968 4526; x_wconf 90' lang='lat' dir='ltr'><strong>utros-</strong></span> 
     </span>
    </p>
   </div>
   <div class='ocr_carea' id='block_1_90' title="bbox 398 4542 1963 4609">
    <p class='ocr_par' dir='ltr' id='par_1_90' title="bbox 398 4542 1963 4609">
     <span class='ocr_line' id='line_1_90' title="bbox 398 4542 1963 4609; baseline 0.004 -20"><span class='ocrx_word' id='word_1_642' title='bbox 398 4552 502 4609; x_wconf 88' lang='lat' dir='ltr'><strong>que</strong></span> <span class='ocrx_word' id='word_1_643' title='bbox 548 4548 801 4607; x_wconf 81' lang='lat' dir='ltr'><strong>quantum</strong></span> <span class='ocrx_word' id='word_1_644' title='bbox 856 4543 1050 4593; x_wconf 82' lang='lat' dir='ltr'><strong>habent</strong></span> <span class='ocrx_word' id='word_1_645' title='bbox 1102 4542 1565 4609; x_wconf 66' lang='lat' dir='ltr'><strong>admirabilitatis,</strong></span> <span class='ocrx_word' id='word_1_646' title='bbox 1617 4555 1760 4596; x_wconf 85' lang='lat' dir='ltr'><strong>tanto</strong></span> <span class='ocrx_word' id='word_1_647' title='bbox 1807 4548 1963 4595; x_wconf 67' lang='lat' dir='ltr'><strong>etiam</strong></span> 
     </span>
    </p>
   </div>
   <div class='ocr_carea' id='block_1_91' title="bbox 397 4608 1959 4677">
    <p class='ocr_par' dir='ltr' id='par_1_91' title="bbox 397 4608 1959 4677">
     <span class='ocr_line' id='line_1_91' title="bbox 397 4608 1959 4677; baseline 0.006 -20"><span class='ocrx_word' id='word_1_648' title='bbox 397 4608 515 4677; x_wconf 82' lang='lat' dir='ltr'><strong>plus</strong></span> <span class='ocrx_word' id='word_1_649' title='bbox 563 4610 895 4662; x_wconf 81' lang='lat' dir='ltr'><strong>difficultatis</strong></span> <span class='ocrx_word' id='word_1_650' title='bbox 949 4614 1217 4677; x_wconf 90' lang='lat' dir='ltr'><strong>patiuntur</strong></span> <span class='ocrx_word' id='word_1_651' title='bbox 1265 4613 1333 4665; x_wconf 89' lang='lat' dir='ltr'><strong>ad</strong></span> <span class='ocrx_word' id='word_1_652' title='bbox 1383 4608 1720 4667; x_wconf 84' lang='lat' dir='ltr'><strong>obtinendam</strong></span> <span class='ocrx_word' id='word_1_653' title='bbox 1782 4614 1959 4667; x_wconf 68' lang='lat' dir='ltr'><strong>ﬁdem.</strong></span> 
     </span>
    </p>
   </div>
   <div class='ocr_carea' id='block_1_92' title="bbox 394 4676 1962 4748">
    <p class='ocr_par' dir='ltr' id='par_1_92' title="bbox 394 4676 1962 4748">
     <span class='ocr_line' id='line_1_92' title="bbox 394 4676 1962 4748; baseline 0.003 -18"><span class='ocrx_word' id='word_1_654' title='bbox 394 4676 571 4748; x_wconf 78' lang='lat' dir='ltr'><strong>Nihilo</strong></span> <span class='ocrx_word' id='word_1_655' title='bbox 612 4679 774 4732; x_wconf 89' lang='lat' dir='ltr'><strong>levior</strong></span> <span class='ocrx_word' id='word_1_656' title='bbox 804 4676 1055 4748; x_wconf 72' lang='lat' dir='ltr'><strong>obiicitur</strong></span> <span class='ocrx_word' id='word_1_657' title='bbox 1084 4684 1326 4736; x_wconf 80' lang='lat' dir='ltr'><strong>molestia</strong></span> <span class='ocrx_word' id='word_1_658' title='bbox 1357 4684 1495 4737; x_wconf 91' lang='lat' dir='ltr'><strong>circa</strong></span> <span class='ocrx_word' id='word_1_659' title='bbox 1539 4685 1673 4737; x_wconf 89' lang='lat' dir='ltr'><strong>sacri</strong></span> <span class='ocrx_word' id='word_1_660' title='bbox 1722 4684 1962 4747; x_wconf 85' lang='lat' dir='ltr'><strong>corporis</strong></span> 
     </span>
    </p>
   </div>
   <div class='ocr_carea' id='block_1_93' title="bbox 393 4747 1959 4826">
    <p class='ocr_par' dir='ltr' id='par_1_93' title="bbox 393 4747 1959 4826">
     <span class='ocr_line' id='line_1_93' title="bbox 393 4747 1959 4826; baseline 0.005 -27"><span class='ocrx_word' id='word_1_661' title='bbox 393 4747 721 4826; x_wconf 80' lang='lat' dir='ltr'><strong>ad_montcm</strong></span> <span class='ocrx_word' id='word_1_662' title='bbox 751 4751 1350 4826; x_wconf 69' lang='lat' dir='ltr'><strong>Sinaitranslationem,</strong></span> <span class='ocrx_word' id='word_1_663' title='bbox 1383 4754 1788 4809; x_wconf 85' lang='lat' dir='ltr'><strong>indubitabilem</strong></span> <span class='ocrx_word' id='word_1_664' title='bbox 1815 4752 1959 4807; x_wconf 68' lang='lat' dir='ltr'><strong>iIFatn</strong></span> 
     </span>
    </p>
   </div>
   <div class='ocr_carea' id='block_1_94' title="bbox 392 4818 1961 4887">
    <p class='ocr_par' dir='ltr' id='par_1_94' title="bbox 392 4818 1961 4887">
     <span class='ocr_line' id='line_1_94' title="bbox 392 4818 1961 4887; baseline 0.006 -19"><span class='ocrx_word' id='word_1_665' title='bbox 392 4818 605 4885; x_wconf 88' lang='lat' dir='ltr'><strong>quidem</strong></span> <span class='ocrx_word' id='word_1_666' title='bbox 636 4820 809 4887; x_wconf 91' lang='lat' dir='ltr'><strong>quoad</strong></span> <span class='ocrx_word' id='word_1_667' title='bbox 835 4821 1205 4885; x_wconf 88' lang='lat' dir='ltr'><strong>substantiam,</strong></span> <span class='ocrx_word' id='word_1_668' title='bbox 1238 4825 1328 4877; x_wconf 90' lang='lat' dir='ltr'><strong>sed</strong></span> <span class='ocrx_word' id='word_1_669' title='bbox 1361 4827 1530 4887; x_wconf 82' lang='lat' dir='ltr'><strong>quoad</strong></span> <span class='ocrx_word' id='word_1_670' title='bbox 1562 4834 1811 4877; x_wconf 82' lang='lat' dir='ltr'><strong>auctores</strong></span> <span class='ocrx_word' id='word_1_671' title='bbox 1844 4826 1961 4887; x_wconf 88' lang='lat' dir='ltr'><strong>eius</strong></span> 
     </span>
    </p>
   </div>
   <div class='ocr_carea' id='block_1_95' title="bbox 392 4893 1959 4958">
    <p class='ocr_par' dir='ltr' id='par_1_95' title="bbox 392 4893 1959 4958">
     <span class='ocr_line' id='line_1_95' title="bbox 392 4893 1959 4958; baseline 0.004 -20"><span class='ocrx_word' id='word_1_672' title='bbox 392 4901 454 4939; x_wconf 86' lang='lat' dir='ltr'><strong>ac</strong></span> <span class='ocrx_word' id='word_1_673' title='bbox 484 4897 687 4954; x_wconf 86' lang='lat' dir='ltr'><strong>tempus</strong></span> <span class='ocrx_word' id='word_1_674' title='bbox 720 4905 968 4958; x_wconf 89' lang='lat' dir='ltr'><strong>perquam</strong></span> <span class='ocrx_word' id='word_1_675' title='bbox 1010 4893 1313 4945; x_wconf 86' lang='lat' dir='ltr'><strong>obscuram.</strong></span> <span class='ocrx_word' id='word_1_676' title='bbox 1356 4894 1465 4947; x_wconf 92' lang='lat' dir='ltr'><strong>Hoc</strong></span> <span class='ocrx_word' id='word_1_677' title='bbox 1501 4903 1730 4954; x_wconf 87' lang='lat' dir='ltr'><strong>certum.</strong></span> <span class='ocrx_word' id='word_1_678' title='bbox 1766 4895 1959 4946; x_wconf 90' lang='lat' dir='ltr'><strong>nullam</strong></span> 
     </span>
    </p>
   </div>
   <div class='ocr_carea' id='block_1_96' title="bbox 393 4961 1959 5032">
    <p class='ocr_par' dir='ltr' id='par_1_96' title="bbox 393 4961 1959 5032">
     <span class='ocr_line' id='line_1_96' title="bbox 393 4961 1959 5032; baseline 0.005 -24"><span class='ocrx_word' id='word_1_679' title='bbox 393 4971 514 5011; x_wconf 89' lang='lat' dir='ltr'><strong>esse</strong></span> <span class='ocrx_word' id='word_1_680' title='bbox 535 4970 770 5032; x_wconf 79' lang='lat' dir='ltr'><strong>sanctam</strong></span> <span class='ocrx_word' id='word_1_681' title='bbox 800 4964 951 5023; x_wconf 75' lang='lat' dir='ltr'><strong>cuius</strong></span> <span class='ocrx_word' id='word_1_682' title='bbox 990 4961 1127 5015; x_wconf 84' lang='lat' dir='ltr'><strong>fama</strong></span> <span class='ocrx_word' id='word_1_683' title='bbox 1165 4964 1442 5032; x_wconf 87' lang='lat' dir='ltr'><strong>cultusque</strong></span> <span class='ocrx_word' id='word_1_684' title='bbox 1474 4965 1656 5030; x_wconf 88' lang='lat' dir='ltr'><strong>primis</strong></span> <span class='ocrx_word' id='word_1_685' title='bbox 1688 4973 1804 5028; x_wconf 92' lang='lat' dir='ltr'><strong>post</strong></span> <span class='ocrx_word' id='word_1_686' title='bbox 1838 4979 1959 5027; x_wconf 83' lang='lat' dir='ltr'><strong>per-</strong></span> 
     </span>
    </p>
   </div>
   <div class='ocr_carea' id='block_1_97' title="bbox 391 5027 1958 5099">
    <p class='ocr_par' dir='ltr' id='par_1_97' title="bbox 391 5027 1958 5099">
     <span class='ocr_line' id='line_1_97' title="bbox 391 5027 1958 5099; baseline 0.006 -21"><span class='ocrx_word' id='word_1_687' title='bbox 391 5027 677 5099; x_wconf 82' lang='lat' dir='ltr'><strong>secutionis</strong></span> <span class='ocrx_word' id='word_1_688' title='bbox 705 5033 914 5083; x_wconf 68' lang='lat' dir='ltr'><strong>saeculis</strong></span> <span class='ocrx_word' id='word_1_689' title='bbox 944 5032 1188 5099; x_wconf 82' lang='lat' dir='ltr'><strong>ignotior,</strong></span> <span class='ocrx_word' id='word_1_690' title='bbox 1221 5027 1484 5088; x_wconf 72' lang='lat' dir='ltr'><strong>celebrior</strong></span> <span class='ocrx_word' id='word_1_691' title='bbox 1508 5027 1958 5087; x_wconf 64' lang='lat' dir='ltr'><strong>autemmtatib&#39;zs</strong></span> 
     </span>
    </p>
   </div>
   <div class='ocr_carea' id='block_1_98' title="bbox 397 5097 1959 5168">
    <p class='ocr_par' dir='ltr' id='par_1_98' title="bbox 397 5097 1959 5168">
     <span class='ocr_line' id='line_1_98' title="bbox 397 5097 1959 5168; baseline 0.006 -24"><span class='ocrx_word' id='word_1_692' title='bbox 397 5097 781 5168; x_wconf 66' lang='lat' dir='ltr'><strong>posterioribus</strong></span> <span class='ocrx_word' id='word_1_693' title='bbox 811 5097 985 5165; x_wconf 63' lang='lat' dir='ltr'><strong>fuerit;</strong></span> <span class='ocrx_word' id='word_1_694' title='bbox 1039 5117 1140 5156; x_wconf 88' lang='lat' dir='ltr'><strong>non</strong></span> <span class='ocrx_word' id='word_1_695' title='bbox 1173 5104 1341 5155; x_wconf 88' lang='lat' dir='ltr'><strong>solum</strong></span> <span class='ocrx_word' id='word_1_696' title='bbox 1373 5106 1424 5156; x_wconf 90' lang='lat' dir='ltr'><strong>in</strong></span> <span class='ocrx_word' id='word_1_697' title='bbox 1455 5104 1734 5168; x_wconf 82' lang='lat' dir='ltr'><strong>Orientali,</strong></span> <span class='ocrx_word' id='word_1_698' title='bbox 1783 5104 1874 5156; x_wconf 84' lang='lat' dir='ltr'><strong>sed</strong></span> <span class='ocrx_word' id='word_1_699' title='bbox 1906 5113 1959 5155; x_wconf 91' lang='lat' dir='ltr'><strong>et</strong></span> 
     </span>
    </p>
   </div>
   <div class='ocr_carea' id='block_1_99' title="bbox 394 5166 1959 5241">
    <p class='ocr_par' dir='ltr' id='par_1_99' title="bbox 394 5166 1959 5241">
     <span class='ocr_line' id='line_1_99' title="bbox 394 5166 1959 5241; baseline 0.005 -21"><span class='ocrx_word' id='word_1_700' title='bbox 394 5168 447 5220; x_wconf 91' lang='lat' dir='ltr'><strong>in</strong></span> <span class='ocrx_word' id='word_1_701' title='bbox 480 5166 804 5241; x_wconf 77' lang='lat' dir='ltr'><strong>occidentali</strong></span> <span class='ocrx_word' id='word_1_702' title='bbox 838 5172 1092 5225; x_wconf 85' lang='lat' dir='ltr'><strong>Ecclesia.</strong></span> <span class='ocrx_word' id='word_1_703' title='bbox 1129 5174 1179 5224; x_wconf 93' lang='lat' dir='ltr'><strong>In</strong></span> <span class='ocrx_word' id='word_1_704' title='bbox 1213 5183 1397 5226; x_wconf 89' lang='lat' dir='ltr'><strong>nostro</strong></span> <span class='ocrx_word' id='word_1_705' title='bbox 1437 5174 1614 5241; x_wconf 83' lang='lat' dir='ltr'><strong>Belgio</strong></span> <span class='ocrx_word' id='word_1_706' title='bbox 1642 5166 1778 5227; x_wconf 84' lang='lat' dir='ltr'><strong>haud</strong></span> <span class='ocrx_word' id='word_1_707' title='bbox 1809 5173 1959 5228; x_wconf 79' lang='lat' dir='ltr'><strong>facile</strong></span> 
     </span>
    </p>
   </div>
   <div class='ocr_carea' id='block_1_100' title="bbox 393 5238 1957 5313">
    <p class='ocr_par' dir='ltr' id='par_1_100' title="bbox 393 5238 1957 5313">
     <span class='ocr_line' id='line_1_100' title="bbox 393 5238 1957 5313; baseline 0.004 -24"><span class='ocrx_word' id='word_1_708' title='bbox 393 5238 639 5313; x_wconf 78' lang='lat' dir='ltr'><strong>reperias</strong></span> <span class='ocrx_word' id='word_1_709' title='bbox 676 5241 1090 5313; x_wconf 21' lang='lat' dir='ltr'><strong>ullamAurbem,</strong></span> <span class='ocrx_word' id='word_1_710' title='bbox 1127 5258 1190 5296; x_wconf 91' lang='lat' dir='ltr'><strong>ac</strong></span> <span class='ocrx_word' id='word_1_711' title='bbox 1235 5259 1300 5297; x_wconf 91' lang='lat' dir='ltr'><strong>ne</strong></span> <span class='ocrx_word' id='word_1_712' title='bbox 1338 5238 1588 5311; x_wconf 76' lang='lat' dir='ltr'><strong>oppidum</strong></span> <span class='ocrx_word' id='word_1_713' title='bbox 1629 5243 1845 5313; x_wconf 87' lang='lat' dir='ltr'><strong>quidem</strong></span> <span class='ocrx_word' id='word_1_714' title='bbox 1878 5244 1957 5296; x_wconf 89' lang='lat' dir='ltr'><strong>vel</strong></span> 
     </span>
    </p>
   </div>
   <div class='ocr_carea' id='block_1_101' title="bbox 393 5310 1952 5379">
    <p class='ocr_par' dir='ltr' id='par_1_101' title="bbox 393 5310 1952 5379">
     <span class='ocr_line' id='line_1_101' title="bbox 393 5310 1952 5379; baseline 0.004 -19"><span class='ocrx_word' id='word_1_715' title='bbox 393 5310 733 5376; x_wconf 69' lang='lat' dir='ltr'><strong>municipium</strong></span> <span class='ocrx_word' id='word_1_716' title='bbox 756 5350 771 5373; x_wconf 94' lang='lat'><strong>,</strong></span> <span class='ocrx_word' id='word_1_717' title='bbox 817 5311 903 5363; x_wconf 92' lang='lat' dir='ltr'><strong>ubi</strong></span> <span class='ocrx_word' id='word_1_718' title='bbox 938 5312 1050 5367; x_wconf 63' lang='lat' dir='ltr'><strong>haec</strong></span> <span class='ocrx_word' id='word_1_719' title='bbox 1075 5324 1255 5367; x_wconf 90' lang='lat' dir='ltr'><strong>sancta</strong></span> <span class='ocrx_word' id='word_1_720' title='bbox 1288 5310 1392 5368; x_wconf 88' lang='lat' dir='ltr'><strong>non</strong></span> <span class='ocrx_word' id='word_1_721' title='bbox 1416 5310 1614 5369; x_wconf 86' lang='lat' dir='ltr'><strong>habeat</strong></span> <span class='ocrx_word' id='word_1_722' title='bbox 1644 5310 1726 5369; x_wconf 82' lang='lat' dir='ltr'><strong>vel</strong></span> <span class='ocrx_word' id='word_1_723' title='bbox 1764 5314 1952 5379; x_wconf 88' lang='lat' dir='ltr'><strong>altare,</strong></span> 
     </span>
    </p>
   </div>
   <div class='ocr_carea' id='block_1_102' title="bbox 393 5380 966 5447">
    <p class='ocr_par' dir='ltr' id='par_1_102' title="bbox 393 5380 966 5447">
     <span class='ocr_line' id='line_1_102' title="bbox 393 5380 966 5447; baseline 0.003 -17"><span class='ocrx_word' id='word_1_724' title='bbox 393 5384 469 5430; x_wconf 84' lang='lat' dir='ltr'><strong>vel</strong></span> <span class='ocrx_word' id='word_1_725' title='bbox 501 5380 773 5447; x_wconf 88' lang='lat' dir='ltr'><strong>templum,</strong></span> <span class='ocrx_word' id='word_1_726' title='bbox 804 5390 906 5434; x_wconf 87' lang='lat' dir='ltr'><strong>etc.</strong></span> <span class='ocrx_word' id='word_1_727' title='bbox 949 5400 966 5432; x_wconf 75' lang='grc' dir='ltr'><strong>ι</strong></span> 
     </span>
    </p>
   </div>
   <div class='ocr_carea' id='block_1_103' title="bbox 466 5447 1809 5523">
    <p class='ocr_par' dir='ltr' id='par_1_103' title="bbox 466 5447 1809 5523">
     <span class='ocr_line' id='line_1_103' title="bbox 466 5447 1809 5523; baseline 0.009 -25"><span class='ocrx_word' id='word_1_728' title='bbox 466 5450 489 5523; x_wconf 67' lang='grc' dir='ltr'>ξι</span> <span class='ocrx_word' id='word_1_729' title='bbox 521 5447 655 5523; x_wconf 53' lang='lat' dir='ltr'><strong>libri.</strong></span> <span class='ocrx_word' id='word_1_730' title='bbox 680 5449 764 5523; x_wconf 76' lang='lat' dir='ltr'><strong>pe</strong></span> <span class='ocrx_word' id='word_1_731' title='bbox 788 5454 891 5523; x_wconf 75' lang='lat' dir='ltr'><strong>hoc</strong></span> <span class='ocrx_word' id='word_1_732' title='bbox 922 5452 1039 5507; x_wconf 88' lang='lat' dir='ltr'><strong>vide</strong></span> <span class='ocrx_word' id='word_1_733' title='bbox 1066 5454 1329 5521; x_wconf 84' lang='lat' dir='ltr'><strong>superius,</strong></span> <span class='ocrx_word' id='word_1_734' title='bbox 1360 5454 1430 5509; x_wconf 72' lang='lat'><strong>23</strong></span> <span class='ocrx_word' id='word_1_735' title='bbox 1457 5454 1809 5523; x_wconf 88' lang='lat' dir='ltr'><strong>Septembris.</strong></span> 
     </span>
    </p>
   </div>
   <div class='ocr_carea' id='block_1_104' title="bbox 465 5512 1956 5587">
    <p class='ocr_par' dir='ltr' id='par_1_104' title="bbox 465 5512 1956 5587">
     <span class='ocr_line' id='line_1_104' title="bbox 465 5512 1956 5587; baseline 0.004 -16"><span class='ocrx_word' id='word_1_736' title='bbox 465 5512 489 5550; x_wconf 77' lang='grc' dir='ltr'>δ</span> <span class='ocrx_word' id='word_1_737' title='bbox 532 5518 725 5573; x_wconf 80' lang='lat' dir='ltr'><strong>Sin&#39;cii.</strong></span> <span class='ocrx_word' id='word_1_738' title='bbox 776 5520 999 5578; x_wconf 79' lang='lat' dir='ltr'><strong>Crcatus</strong></span> <span class='ocrx_word' id='word_1_739' title='bbox 1046 5512 1376 5578; x_wconf 56' lang='lat' dir='ltr'><strong>est&#39;Siricius</strong></span> <span class='ocrx_word' id='word_1_740' title='bbox 1420 5512 1561 5577; x_wconf 80' lang='lat' dir='ltr'><strong>anno</strong></span> <span class='ocrx_word' id='word_1_741' title='bbox 1606 5524 1731 5587; x_wconf 76' lang='lat'><strong>585,</strong></span> <span class='ocrx_word' id='word_1_742' title='bbox 1780 5525 1956 5578; x_wconf 83' lang='lat' dir='ltr'><strong>Mero-</strong></span> 
     </span>
    </p>
   </div>
   <div class='ocr_carea' id='block_1_105' title="bbox 392 5586 1953 5668">
    <p class='ocr_par' dir='ltr' id='par_1_105' title="bbox 392 5586 1953 5668">
     <span class='ocr_line' id='line_1_105' title="bbox 392 5586 1953 5668; baseline 0.006 -28"><span class='ocrx_word' id='word_1_743' title='bbox 392 5586 628 5668; x_wconf 45' lang='lat' dir='ltr'><strong>baude.&quot;</strong></span> <span class='ocrx_word' id='word_1_744' title='bbox 659 5601 712 5644; x_wconf 91' lang='lat' dir='ltr'><strong>et</strong></span> <span class='ocrx_word' id='word_1_745' title='bbox 743 5592 990 5668; x_wconf 79' lang='lat' dir='ltr'><strong>Saturnio</strong></span> <span class='ocrx_word' id='word_1_746' title='bbox 1016 5608 1158 5648; x_wconf 89' lang='lat' dir='ltr'><strong>coss.</strong></span> <span class='ocrx_word' id='word_1_747' title='bbox 1192 5594 1649 5668; x_wconf 48' lang='lat' dir='ltr'><strong>lt:t_Marcellinus,</strong></span> <span class='ocrx_word' id='word_1_748' title='bbox 1676 5586 1766 5668; x_wconf 81' lang='lat' dir='ltr'><strong>qui</strong></span> <span class='ocrx_word' id='word_1_749' title='bbox 1795 5595 1953 5649; x_wconf 81' lang='lat' dir='ltr'><strong>etiam</strong></span> 
     </span>
    </p>
   </div>
   <div class='ocr_carea' id='block_1_106' title="bbox 391 5658 1955 5733">
    <p class='ocr_par' dir='ltr' id='par_1_106' title="bbox 391 5658 1955 5733">
     <span class='ocr_line' id='line_1_106' title="bbox 391 5658 1955 5733; baseline 0.008 -26"><span class='ocrx_word' id='word_1_750' title='bbox 391 5658 659 5733; x_wconf 78' lang='lat' dir='ltr'><strong>sedi_ejus</strong></span> <span class='ocrx_word' id='word_1_751' title='bbox 706 5662 887 5715; x_wconf 90' lang='lat' dir='ltr'><strong>tribuit</strong></span> <span class='ocrx_word' id='word_1_752' title='bbox 917 5678 1082 5718; x_wconf 89' lang='lat' dir='ltr'><strong>annos</strong></span> <span class='ocrx_word' id='word_1_753' title='bbox 1123 5680 1210 5718; x_wconf 77' lang='lat' dir='ltr'><strong>xv.</strong></span> <span class='ocrx_word' id='word_1_754' title='bbox 1238 5662 1458 5717; x_wconf 82' lang='lat' dir='ltr'><strong>Mortem</strong></span> <span class='ocrx_word' id='word_1_755' title='bbox 1488 5666 1545 5720; x_wconf 90' lang='lat' dir='ltr'><strong>S.</strong></span> <span class='ocrx_word' id='word_1_756' title='bbox 1587 5658 1761 5719; x_wconf 77' lang='lat' dir='ltr'><strong>Siricii</strong></span> <span class='ocrx_word' id='word_1_757' title='bbox 1807 5680 1955 5733; x_wconf 75' lang='lat' dir='ltr'><strong>papa:</strong></span> 
     </span>
    </p>
   </div>
   <div class='ocr_carea' id='block_1_107' title="bbox 391 5726 1953 5811">
    <p class='ocr_par' dir='ltr' id='par_1_107' title="bbox 391 5726 1953 5811">
     <span class='ocr_line' id='line_1_107' title="bbox 391 5726 1953 5811; baseline 0.015 -40"><span class='ocrx_word' id='word_1_758' title='bbox 391 5726 754 5811; x_wconf 44' lang='lat' dir='ltr'><strong>consignatum</strong></span> <span class='ocrx_word' id='word_1_759' title='bbox 783 5734 1074 5811; x_wconf 81' lang='lat' dir='ltr'><strong>reperimus</strong></span> <span class='ocrx_word' id='word_1_760' title='bbox 1095 5735 1159 5811; x_wconf 80' lang='lat' dir='ltr'><strong>ad</strong></span> <span class='ocrx_word' id='word_1_761' title='bbox 1182 5734 1320 5789; x_wconf 89' lang='lat' dir='ltr'><strong>hunc</strong></span> <span class='ocrx_word' id='word_1_762' title='bbox 1344 5734 1513 5801; x_wconf 90' lang='lat' dir='ltr'><strong>ipsum</strong></span> <span class='ocrx_word' id='word_1_763' title='bbox 1514 5734 1674 5811; x_wconf 73' lang='lat' dir='ltr'><strong>_d_iem</strong></span> <span class='ocrx_word' id='word_1_764' title='bbox 1699 5734 1753 5811; x_wconf 82' lang='lat' dir='ltr'><strong>in</strong></span> <span class='ocrx_word' id='word_1_765' title='bbox 1776 5726 1953 5811; x_wconf 65' lang='lat' dir='ltr'><strong>uitt’tis</strong></span> 
     </span>
    </p>
   </div>
   <div class='ocr_carea' id='block_1_108' title="bbox 392 5794 1951 5875">
    <p class='ocr_par' dir='ltr' id='par_1_108' title="bbox 392 5794 1951 5875">
     <span class='ocr_line' id='line_1_108' title="bbox 392 5794 1951 5875; baseline 0.01 -27"><span class='ocrx_word' id='word_1_766' title='bbox 392 5794 812 5865; x_wconf 72' lang='lat' dir='ltr'><strong>Martyrologiis;</strong></span> <span class='ocrx_word' id='word_1_767' title='bbox 846 5794 898 5856; x_wconf 87' lang='lat' dir='ltr'><strong>in</strong></span> <span class='ocrx_word' id='word_1_768' title='bbox 928 5804 1241 5872; x_wconf 84' lang='lat' dir='ltr'><strong>quibusdam</strong></span> <span class='ocrx_word' id='word_1_769' title='bbox 1280 5794 1405 5862; x_wconf 70' lang='lat' dir='ltr'><strong>vero</strong></span> <span class='ocrx_word' id='word_1_770' title='bbox 1440 5818 1471 5860; x_wconf 73' lang='grc' dir='ltr'><strong>ι</strong></span> <span class='ocrx_word' id='word_1_771' title='bbox 1512 5803 1865 5875; x_wconf 86' lang='lat' dir='ltr'><strong>Florentinio,</strong></span> <span class='ocrx_word' id='word_1_772' title='bbox 1898 5806 1951 5863; x_wconf 88' lang='lat' dir='ltr'><strong>in</strong></span> 
     </span>
    </p>
   </div>
   <div class='ocr_carea' id='block_1_109' title="bbox 2085 4258 3657 4329">
    <p class='ocr_par' dir='ltr' id='par_1_109' title="bbox 2085 4258 3657 4329">
     <span class='ocr_line' id='line_1_109' title="bbox 2085 4258 3657 4329; baseline 0.005 -17"><span class='ocrx_word' id='word_1_773' title='bbox 2085 4259 2235 4312; x_wconf 87' lang='lat' dir='ltr'><strong>Notis</strong></span> <span class='ocrx_word' id='word_1_774' title='bbox 2265 4258 2330 4313; x_wconf 92' lang='lat' dir='ltr'><strong>ad</strong></span> <span class='ocrx_word' id='word_1_775' title='bbox 2363 4258 2792 4327; x_wconf 72' lang='lat' dir='ltr'><strong>Martyrologium</strong></span> <span class='ocrx_word' id='word_1_776' title='bbox 2845 4259 2901 4313; x_wconf 90' lang='lat' dir='ltr'><strong>S.</strong></span> <span class='ocrx_word' id='word_1_777' title='bbox 2948 4260 3277 4329; x_wconf 80' lang='lat' dir='ltr'><strong>Hieronymi,</strong></span> <span class='ocrx_word' id='word_1_778' title='bbox 3308 4262 3373 4316; x_wconf 90' lang='lat' dir='ltr'><strong>ad</strong></span> <span class='ocrx_word' id='word_1_779' title='bbox 3405 4263 3544 4319; x_wconf 86' lang='lat' dir='ltr'><strong>diem</strong></span> <span class='ocrx_word' id='word_1_780' title='bbox 3580 4265 3657 4320; x_wconf 74' lang='lat'><strong>26</strong></span> 
     </span>
    </p>
   </div>
   <div class='ocr_carea' id='block_1_110' title="bbox 2081 4329 3655 4395">
    <p class='ocr_par' dir='ltr' id='par_1_110' title="bbox 2081 4329 3655 4395">
     <span class='ocr_line' id='line_1_110' title="bbox 2081 4329 3655 4395; baseline 0.004 -13"><span class='ocrx_word' id='word_1_781' title='bbox 2081 4330 2335 4382; x_wconf 82' lang='lat' dir='ltr'><strong>Novemb.</strong></span> <span class='ocrx_word' id='word_1_782' title='bbox 2384 4329 2712 4394; x_wconf 89' lang='lat' dir='ltr'><strong>memoratis,</strong></span> <span class='ocrx_word' id='word_1_783' title='bbox 2762 4329 2877 4395; x_wconf 86' lang='lat' dir='ltr'><strong>ejus</strong></span> <span class='ocrx_word' id='word_1_784' title='bbox 2916 4330 3179 4391; x_wconf 82' lang='lat' dir='ltr'><strong>depositio</strong></span> <span class='ocrx_word' id='word_1_785' title='bbox 3236 4334 3542 4387; x_wconf 85' lang='lat' dir='ltr'><strong>inscribitur</strong></span> <span class='ocrx_word' id='word_1_786' title='bbox 3584 4337 3655 4392; x_wconf 78' lang='lat' dir='ltr'><strong>ad</strong></span> 
     </span>
    </p>
   </div>
   <div class='ocr_carea' id='block_1_111' title="bbox 2082 4398 3652 4465">
    <p class='ocr_par' dir='ltr' id='par_1_111' title="bbox 2082 4398 3652 4465">
     <span class='ocr_line' id='line_1_111' title="bbox 2082 4398 3652 4465; baseline 0.007 -15"><span class='ocrx_word' id='word_1_787' title='bbox 2082 4415 2170 4452; x_wconf 86' lang='lat' dir='ltr'><strong>vttt</strong></span> <span class='ocrx_word' id='word_1_788' title='bbox 2201 4398 2426 4453; x_wconf 82' lang='lat' dir='ltr'><strong>Kalend.</strong></span> <span class='ocrx_word' id='word_1_789' title='bbox 2470 4399 2669 4463; x_wconf 80' lang='lat' dir='ltr'><strong>Martii;</strong></span> <span class='ocrx_word' id='word_1_790' title='bbox 2702 4410 2749 4450; x_wconf 89' lang='lat' dir='ltr'><strong>et</strong></span> <span class='ocrx_word' id='word_1_791' title='bbox 2776 4399 2825 4451; x_wconf 90' lang='lat' dir='ltr'><strong>in</strong></span> <span class='ocrx_word' id='word_1_792' title='bbox 2854 4399 3106 4465; x_wconf 72' lang='lat' dir='ltr'><strong>Catalogo</strong></span> <span class='ocrx_word' id='word_1_793' title='bbox 3138 4407 3300 4456; x_wconf 84' lang='lat' dir='ltr'><strong>veteri</strong></span> <span class='ocrx_word' id='word_1_794' title='bbox 3334 4419 3362 4456; x_wconf 85' lang='lat' dir='ltr'><strong>a</strong></span> <span class='ocrx_word' id='word_1_795' title='bbox 3397 4405 3652 4461; x_wconf 83' lang='lat' dir='ltr'><strong>Bollando</strong></span> 
     </span>
    </p>
   </div>
   <div class='ocr_carea' id='block_1_112' title="bbox 2080 4466 3653 4536">
    <p class='ocr_par' dir='ltr' id='par_1_112' title="bbox 2080 4466 3653 4536">
     <span class='ocr_line' id='line_1_112' title="bbox 2080 4466 3653 4536; baseline 0.004 -14"><span class='ocrx_word' id='word_1_796' title='bbox 2080 4471 2244 4530; x_wconf 82' lang='lat' dir='ltr'><strong>edita,</strong></span> <span class='ocrx_word' id='word_1_797' title='bbox 2276 4479 2419 4522; x_wconf 90' lang='lat' dir='ltr'><strong>lomo</strong></span> <span class='ocrx_word' id='word_1_798' title='bbox 2458 4469 2475 4522; x_wconf 91' lang='lat' dir='ltr'><strong>I</strong></span> <span class='ocrx_word' id='word_1_799' title='bbox 2501 4466 2657 4533; x_wconf 87' lang='lat' dir='ltr'><strong>Apr.,</strong></span> <span class='ocrx_word' id='word_1_800' title='bbox 2685 4470 2873 4523; x_wconf 86' lang='lat' dir='ltr'><strong>dicitur</strong></span> <span class='ocrx_word' id='word_1_801' title='bbox 2896 4472 3133 4536; x_wconf 89' lang='lat' dir='ltr'><strong>sepultus</strong></span> <span class='ocrx_word' id='word_1_802' title='bbox 3161 4487 3227 4525; x_wconf 85' lang='lat' dir='ltr'><strong>vlt</strong></span> <span class='ocrx_word' id='word_1_803' title='bbox 3251 4472 3474 4528; x_wconf 85' lang='lat' dir='ltr'><strong>Kalend.</strong></span> <span class='ocrx_word' id='word_1_804' title='bbox 3508 4476 3653 4527; x_wconf 73' lang='lat' dir='ltr'><strong>Mar-</strong></span> 
     </span>
    </p>
   </div>
   <div class='ocr_carea' id='block_1_113' title="bbox 2080 4539 3649 4608">
    <p class='ocr_par' dir='ltr' id='par_1_113' title="bbox 2080 4539 3649 4608">
     <span class='ocr_line' id='line_1_113' title="bbox 2080 4539 3649 4608; baseline 0.005 -18"><span class='ocrx_word' id='word_1_805' title='bbox 2080 4543 2153 4592; x_wconf 91' lang='lat' dir='ltr'><strong>tii.</strong></span> <span class='ocrx_word' id='word_1_806' title='bbox 2192 4540 2385 4593; x_wconf 83' lang='lat' dir='ltr'><strong>Verum</strong></span> <span class='ocrx_word' id='word_1_807' title='bbox 2420 4550 2643 4604; x_wconf 81' lang='lat' dir='ltr'><strong>uterque</strong></span> <span class='ocrx_word' id='word_1_808' title='bbox 2671 4539 2785 4592; x_wconf 88' lang='lat' dir='ltr'><strong>dies</strong></span> <span class='ocrx_word' id='word_1_809' title='bbox 2816 4540 2878 4591; x_wconf 86' lang='lat' dir='ltr'><strong>ad</strong></span> <span class='ocrx_word' id='word_1_810' title='bbox 2910 4541 3139 4608; x_wconf 83' lang='lat' dir='ltr'><strong>aliquam</strong></span> <span class='ocrx_word' id='word_1_811' title='bbox 3182 4542 3241 4599; x_wconf 87' lang='lat' dir='ltr'><strong>S.</strong></span> <span class='ocrx_word' id='word_1_812' title='bbox 3270 4542 3451 4597; x_wconf 74' lang='lat' dir='ltr'><strong>Siticii</strong></span> <span class='ocrx_word' id='word_1_813' title='bbox 3472 4554 3649 4598; x_wconf 82' lang='lat' dir='ltr'><strong>trans-</strong></span> 
     </span>
    </p>
   </div>
   <div class='ocr_carea' id='block_1_114' title="bbox 2073 4609 2995 4674">
    <p class='ocr_par' dir='ltr' id='par_1_114' title="bbox 2073 4609 2995 4674">
     <span class='ocr_line' id='line_1_114' title="bbox 2073 4609 2995 4674; baseline 0.002 -13"><span class='ocrx_word' id='word_1_814' title='bbox 2073 4611 2324 4663; x_wconf 89' lang='lat' dir='ltr'><strong>lationem</strong></span> <span class='ocrx_word' id='word_1_815' title='bbox 2356 4611 2526 4674; x_wconf 89' lang='lat' dir='ltr'><strong>potius</strong></span> <span class='ocrx_word' id='word_1_816' title='bbox 2554 4609 2865 4662; x_wconf 77' lang='lat' dir='ltr'><strong>referendus</strong></span> <span class='ocrx_word' id='word_1_817' title='bbox 2896 4621 2995 4663; x_wconf 82' lang='lat' dir='ltr'><strong>est.</strong></span> 
     </span>
    </p>
   </div>
   <div class='ocr_carea' id='block_1_115' title="bbox 2142 4679 3654 4750">
    <p class='ocr_par' dir='ltr' id='par_1_115' title="bbox 2142 4679 3654 4750">
     <span class='ocr_line' id='line_1_115' title="bbox 2142 4679 3654 4750; baseline 0.004 -16"><span class='ocrx_word' id='word_1_818' title='bbox 2142 4685 2163 4712; x_wconf 84' lang='lat'>°</span> <span class='ocrx_word' id='word_1_819' title='bbox 2219 4679 2503 4733; x_wconf 81' lang='lat' dir='ltr'><strong>Valeriani.</strong></span> <span class='ocrx_word' id='word_1_820' title='bbox 2538 4679 2631 4732; x_wconf 78' lang='lat' dir='ltr'><strong>llic</strong></span> <span class='ocrx_word' id='word_1_821' title='bbox 2661 4679 2901 4731; x_wconf 82' lang='lat' dir='ltr'><strong>interfuit</strong></span> <span class='ocrx_word' id='word_1_822' title='bbox 2930 4680 3132 4750; x_wconf 70' lang='lat' dir='ltr'><strong>synodo</strong></span> <span class='ocrx_word' id='word_1_823' title='bbox 3159 4696 3297 4735; x_wconf 85' lang='lat' dir='ltr'><strong>anno</strong></span> <span class='ocrx_word' id='word_1_824' title='bbox 3324 4682 3430 4737; x_wconf 80' lang='grc'><strong>570</strong></span> <span class='ocrx_word' id='word_1_825' title='bbox 3454 4684 3654 4740; x_wconf 68' lang='lat' dir='ltr'><strong>habita:</strong></span> 
     </span>
    </p>
   </div>
   <div class='ocr_carea' id='block_1_116' title="bbox 2070 4748 3652 4823">
    <p class='ocr_par' dir='ltr' id='par_1_116' title="bbox 2070 4748 3652 4823">
     <span class='ocr_line' id='line_1_116' title="bbox 2070 4748 3652 4823; baseline 0.007 -25"><span class='ocrx_word' id='word_1_826' title='bbox 2070 4748 2249 4823; x_wconf 62' lang='lat' dir='ltr'><strong>Bonis:</strong></span> <span class='ocrx_word' id='word_1_827' title='bbox 2277 4751 2676 4823; x_wconf 43' lang='lat' dir='ltr'><strong>episcoporum“</strong></span> <span class='ocrx_word' id='word_1_828' title='bbox 2699 4764 2847 4823; x_wconf 79' lang='lat' dir='ltr'><strong>cxtu.</strong></span> <span class='ocrx_word' id='word_1_829' title='bbox 2878 4748 3111 4817; x_wconf 78' lang='lat' dir='ltr'><strong>Quorum</strong></span> <span class='ocrx_word' id='word_1_830' title='bbox 3136 4753 3380 4819; x_wconf 84' lang='lat' dir='ltr'><strong>synodica</strong></span> <span class='ocrx_word' id='word_1_831' title='bbox 3417 4758 3652 4823; x_wconf 79' lang='lat' dir='ltr'><strong>epistola</strong></span> 
     </span>
    </p>
   </div>
   <div class='ocr_carea' id='block_1_117' title="bbox 2068 4818 3652 4891">
    <p class='ocr_par' dir='ltr' id='par_1_117' title="bbox 2068 4818 3652 4891">
     <span class='ocr_line' id='line_1_117' title="bbox 2068 4818 3652 4891; baseline 0.005 -19"><span class='ocrx_word' id='word_1_832' title='bbox 2068 4818 2252 4873; x_wconf 71' lang='lat' dir='ltr'><strong>Grzece</strong></span> <span class='ocrx_word' id='word_1_833' title='bbox 2278 4821 2420 4889; x_wconf 82' lang='lat' dir='ltr'><strong>leges</strong></span> <span class='ocrx_word' id='word_1_834' title='bbox 2451 4818 2586 4891; x_wconf 82' lang='lat' dir='ltr'><strong>apud</strong></span> <span class='ocrx_word' id='word_1_835' title='bbox 2611 4819 3036 4891; x_wconf 67' lang='lat' dir='ltr'><strong>_&#39;I‘heo_:h_iretum,</strong></span> <span class='ocrx_word' id='word_1_836' title='bbox 3072 4837 3128 4887; x_wconf 82' lang='lat' dir='ltr'><strong>tt,</strong></span> <span class='ocrx_word' id='word_1_837' title='bbox 3164 4818 3249 4886; x_wconf 85' lang='lat' dir='ltr'><strong>I7,</strong></span> <span class='ocrx_word' id='word_1_838' title='bbox 3281 4832 3334 4877; x_wconf 81' lang='lat' dir='ltr'><strong>et</strong></span> <span class='ocrx_word' id='word_1_839' title='bbox 3362 4818 3501 4891; x_wconf 82' lang='lat' dir='ltr'><strong>apud</strong></span> <span class='ocrx_word' id='word_1_840' title='bbox 3544 4826 3652 4880; x_wconf 86' lang='lat' dir='ltr'><strong>So-</strong></span> 
     </span>
    </p>
   </div>
   <div class='ocr_carea' id='block_1_118' title="bbox 2065 4888 3651 4959">
    <p class='ocr_par' dir='ltr' id='par_1_118' title="bbox 2065 4888 3651 4959">
     <span class='ocr_line' id='line_1_118' title="bbox 2065 4888 3651 4959; baseline 0.005 -16"><span class='ocrx_word' id='word_1_841' title='bbox 2065 4906 2298 4952; x_wconf 85' lang='lat' dir='ltr'><strong>zomen.,</strong></span> <span class='ocrx_word' id='word_1_842' title='bbox 2340 4888 2444 4950; x_wconf 83' lang='lat' dir='ltr'><strong>vn,</strong></span> <span class='ocrx_word' id='word_1_843' title='bbox 2485 4889 2576 4940; x_wconf 66' lang='grc' dir='ltr'><strong>Ξῖ.</strong></span> <span class='ocrx_word' id='word_1_844' title='bbox 2611 4888 2849 4941; x_wconf 80' lang='lat' dir='ltr'><strong>Interfuit</strong></span> <span class='ocrx_word' id='word_1_845' title='bbox 2893 4893 3051 4943; x_wconf 87' lang='lat' dir='ltr'><strong>etiam</strong></span> <span class='ocrx_word' id='word_1_846' title='bbox 3081 4894 3287 4959; x_wconf 83' lang='lat' dir='ltr'><strong>synodo</strong></span> <span class='ocrx_word' id='word_1_847' title='bbox 3312 4888 3651 4959; x_wconf 77' lang='lat' dir='ltr'><strong>Aquileiensi</strong></span> 
     </span>
    </p>
   </div>
   <div class='ocr_carea' id='block_1_119' title="bbox 2063 4958 3653 5019">
    <p class='ocr_par' dir='ltr' id='par_1_119' title="bbox 2063 4958 3653 5019">
     <span class='ocr_line' id='line_1_119' title="bbox 2063 4958 3653 5019; baseline 0.005 -8"><span class='ocrx_word' id='word_1_848' title='bbox 2063 4975 2204 5012; x_wconf 92' lang='lat' dir='ltr'><strong>anno</strong></span> <span class='ocrx_word' id='word_1_849' title='bbox 2248 4958 2347 5013; x_wconf 78' lang='grc'><strong>581</strong></span> <span class='ocrx_word' id='word_1_850' title='bbox 2380 4959 2660 5012; x_wconf 65' lang='lat' dir='ltr'><strong>celebratae</strong></span> <span class='ocrx_word' id='word_1_851' title='bbox 2704 4967 2888 5010; x_wconf 85' lang='lat' dir='ltr'><strong>centra</strong></span> <span class='ocrx_word' id='word_1_852' title='bbox 2925 4958 3218 5015; x_wconf 80' lang='lat' dir='ltr'><strong>Palladium</strong></span> <span class='ocrx_word' id='word_1_853' title='bbox 3263 4975 3312 5016; x_wconf 89' lang='lat' dir='ltr'><strong>et</strong></span> <span class='ocrx_word' id='word_1_854' title='bbox 3345 4958 3653 5019; x_wconf 70' lang='lat' dir='ltr'><strong>Secundi:-</strong></span> 
     </span>
    </p>
   </div>
   <div class='ocr_carea' id='block_1_120' title="bbox 2062 5027 3644 5095">
    <p class='ocr_par' dir='ltr' id='par_1_120' title="bbox 2062 5027 3644 5095">
     <span class='ocr_line' id='line_1_120' title="bbox 2062 5027 3644 5095; baseline 0.004 -14"><span class='ocrx_word' id='word_1_855' title='bbox 2062 5044 2188 5082; x_wconf 89' lang='lat' dir='ltr'><strong>num</strong></span> <span class='ocrx_word' id='word_1_856' title='bbox 2221 5029 2517 5084; x_wconf 61' lang='lat' dir='ltr'><strong>haereticos.</strong></span> <span class='ocrx_word' id='word_1_857' title='bbox 2553 5028 2645 5081; x_wconf 85' lang='lat' dir='ltr'><strong>Hic</strong></span> <span class='ocrx_word' id='word_1_858' title='bbox 2671 5027 3064 5092; x_wconf 80' lang='lat' dir='ltr'><strong>Aquileiensem</strong></span> <span class='ocrx_word' id='word_1_859' title='bbox 3096 5032 3406 5095; x_wconf 82' lang='lat' dir='ltr'><strong>Ecelesiam,</strong></span> <span class='ocrx_word' id='word_1_860' title='bbox 3439 5050 3468 5087; x_wconf 93' lang='lat' dir='ltr'><strong>a</strong></span> <span class='ocrx_word' id='word_1_861' title='bbox 3499 5034 3644 5088; x_wconf 85' lang='lat' dir='ltr'><strong>For-</strong></span> 
     </span>
    </p>
   </div>
   <div class='ocr_carea' id='block_1_121' title="bbox 2066 5100 3650 5165">
    <p class='ocr_par' dir='ltr' id='par_1_121' title="bbox 2066 5100 3650 5165">
     <span class='ocr_line' id='line_1_121' title="bbox 2066 5100 3650 5165; baseline 0.006 -14"><span class='ocrx_word' id='word_1_862' title='bbox 2066 5100 2339 5152; x_wconf 79' lang='lat' dir='ltr'><strong>tunatiano</strong></span> <span class='ocrx_word' id='word_1_863' title='bbox 2388 5102 2783 5165; x_wconf 68' lang='lat' dir='ltr'><strong>praedecessore</strong></span> <span class='ocrx_word' id='word_1_864' title='bbox 2812 5113 2911 5152; x_wconf 89' lang='lat' dir='ltr'><strong>suo</strong></span> <span class='ocrx_word' id='word_1_865' title='bbox 2945 5101 3335 5164; x_wconf 84' lang='lat' dir='ltr'><strong>labefactatam,</strong></span> <span class='ocrx_word' id='word_1_866' title='bbox 3384 5106 3451 5155; x_wconf 89' lang='lat' dir='ltr'><strong>ab</strong></span> <span class='ocrx_word' id='word_1_867' title='bbox 3493 5108 3650 5160; x_wconf 85' lang='lat' dir='ltr'><strong>omni</strong></span> 
     </span>
    </p>
   </div>
   <div class='ocr_carea' id='block_1_122' title="bbox 2063 5168 3651 5242">
    <p class='ocr_par' dir='ltr' id='par_1_122' title="bbox 2063 5168 3651 5242">
     <span class='ocr_line' id='line_1_122' title="bbox 2063 5168 3651 5242; baseline 0.006 -23"><span class='ocrx_word' id='word_1_868' title='bbox 2063 5168 2179 5242; x_wconf 85' lang='lat' dir='ltr'><strong>labe</strong></span> <span class='ocrx_word' id='word_1_869' title='bbox 2208 5169 2753 5242; x_wconf 25' lang='lat' dir='ltr'><strong>citissinze‘purgavit,</strong></span> <span class='ocrx_word' id='word_1_870' title='bbox 2784 5184 3011 5242; x_wconf 82' lang='lat' dir='ltr'><strong>eantque</strong></span> <span class='ocrx_word' id='word_1_871' title='bbox 3039 5187 3172 5223; x_wconf 87' lang='lat' dir='ltr'><strong>nova</strong></span> <span class='ocrx_word' id='word_1_872' title='bbox 3220 5176 3511 5241; x_wconf 83' lang='lat' dir='ltr'><strong>pr0pagiue</strong></span> <span class='ocrx_word' id='word_1_873' title='bbox 3542 5190 3651 5242; x_wconf 86' lang='lat' dir='ltr'><strong>op-</strong></span> 
     </span>
    </p>
   </div>
   <div class='ocr_carea' id='block_1_123' title="bbox 2062 5238 3647 5309">
    <p class='ocr_par' dir='ltr' id='par_1_123' title="bbox 2062 5238 3647 5309">
     <span class='ocr_line' id='line_1_123' title="bbox 2062 5238 3647 5309; baseline 0.005 -18"><span class='ocrx_word' id='word_1_874' title='bbox 2062 5241 2312 5293; x_wconf 88' lang='lat' dir='ltr'><strong>timorum</strong></span> <span class='ocrx_word' id='word_1_875' title='bbox 2354 5239 2669 5293; x_wconf 88' lang='lat' dir='ltr'><strong>clericorum</strong></span> <span class='ocrx_word' id='word_1_876' title='bbox 2702 5238 2797 5291; x_wconf 91' lang='lat' dir='ltr'><strong>toti</strong></span> <span class='ocrx_word' id='word_1_877' title='bbox 2845 5242 2959 5292; x_wconf 85' lang='lat' dir='ltr'><strong>orbi</strong></span> <span class='ocrx_word' id='word_1_878' title='bbox 2988 5238 3331 5308; x_wconf 86' lang='lat' dir='ltr'><strong>conspicuam</strong></span> <span class='ocrx_word' id='word_1_879' title='bbox 3382 5238 3647 5309; x_wconf 74' lang='lat' dir='ltr'><strong>reddidit,</strong></span> 
     </span>
    </p>
   </div>
   <div class='ocr_carea' id='block_1_124' title="bbox 2061 5309 3650 5379">
    <p class='ocr_par' dir='ltr' id='par_1_124' title="bbox 2061 5309 3650 5379">
     <span class='ocr_line' id='line_1_124' title="bbox 2061 5309 3650 5379; baseline 0.003 -17"><span class='ocrx_word' id='word_1_880' title='bbox 2061 5309 2133 5362; x_wconf 90' lang='lat' dir='ltr'><strong>ita</strong></span> <span class='ocrx_word' id='word_1_881' title='bbox 2192 5320 2247 5361; x_wconf 88' lang='lat' dir='ltr'><strong>ut</strong></span> <span class='ocrx_word' id='word_1_882' title='bbox 2297 5311 2651 5379; x_wconf 81' lang='lat' dir='ltr'><strong>Hieronymus</strong></span> <span class='ocrx_word' id='word_1_883' title='bbox 2700 5311 2748 5361; x_wconf 88' lang='lat' dir='ltr'><strong>in</strong></span> <span class='ocrx_word' id='word_1_884' title='bbox 2802 5309 3071 5363; x_wconf 85' lang='lat' dir='ltr'><strong>Orientem</strong></span> <span class='ocrx_word' id='word_1_885' title='bbox 3133 5312 3505 5377; x_wconf 81' lang='lat' dir='ltr'><strong>profecturus,</strong></span> <span class='ocrx_word' id='word_1_886' title='bbox 3573 5319 3650 5371; x_wconf 83' lang='lat' dir='ltr'><strong>ad</strong></span> 
     </span>
    </p>
   </div>
   <div class='ocr_carea' id='block_1_125' title="bbox 2062 5379 3651 5450">
    <p class='ocr_par' dir='ltr' id='par_1_125' title="bbox 2062 5379 3651 5450">
     <span class='ocr_line' id='line_1_125' title="bbox 2062 5379 3651 5450; baseline 0.006 -18"><span class='ocrx_word' id='word_1_887' title='bbox 2062 5379 2341 5433; x_wconf 81' lang='lat' dir='ltr'><strong>fruendum</strong></span> <span class='ocrx_word' id='word_1_888' title='bbox 2372 5395 2567 5448; x_wconf 33' lang='lat' dir='ltr'><strong>.eorum</strong></span> <span class='ocrx_word' id='word_1_889' title='bbox 2612 5379 2906 5450; x_wconf 84' lang='lat' dir='ltr'><strong>consortio,</strong></span> <span class='ocrx_word' id='word_1_890' title='bbox 2956 5382 3225 5449; x_wconf 74' lang='lat' dir='ltr'><strong>aliquanto</strong></span> <span class='ocrx_word' id='word_1_891' title='bbox 3275 5393 3515 5450; x_wconf 84' lang='lat' dir='ltr'><strong>tempore</strong></span> <span class='ocrx_word' id='word_1_892' title='bbox 3567 5386 3651 5441; x_wconf 83' lang='lat' dir='ltr'><strong>ibi</strong></span> 
     </span>
    </p>
   </div>
   <div class='ocr_carea' id='block_1_126' title="bbox 2058 5448 3648 5517">
    <p class='ocr_par' dir='ltr' id='par_1_126' title="bbox 2058 5448 3648 5517">
     <span class='ocr_line' id='line_1_126' title="bbox 2058 5448 3648 5517; baseline 0.004 -14"><span class='ocrx_word' id='word_1_893' title='bbox 2058 5451 2386 5517; x_wconf 77' lang='lat' dir='ltr'><strong>consederit,</strong></span> <span class='ocrx_word' id='word_1_894' title='bbox 2436 5454 2731 5516; x_wconf 85' lang='lat' dir='ltr'><strong>meritoque</strong></span> <span class='ocrx_word' id='word_1_895' title='bbox 2778 5448 2843 5500; x_wconf 90' lang='lat' dir='ltr'><strong>de</strong></span> <span class='ocrx_word' id='word_1_896' title='bbox 2900 5451 2961 5503; x_wconf 92' lang='lat' dir='ltr'><strong>iis</strong></span> <span class='ocrx_word' id='word_1_897' title='bbox 3010 5448 3060 5503; x_wconf 88' lang='lat' dir='ltr'><strong>in</strong></span> <span class='ocrx_word' id='word_1_898' title='bbox 3102 5450 3366 5507; x_wconf 78' lang='lat' dir='ltr'><strong>C-lironico</strong></span> <span class='ocrx_word' id='word_1_899' title='bbox 3389 5448 3648 5510; x_wconf 83' lang='lat' dir='ltr'><strong>dixerit:</strong></span> 
     </span>
    </p>
   </div>
   <div class='ocr_carea' id='block_1_127' title="bbox 2062 5516 3650 5586">
    <p class='ocr_par' dir='ltr' id='par_1_127' title="bbox 2062 5516 3650 5586">
     <span class='ocr_line' id='line_1_127' title="bbox 2062 5516 3650 5586; baseline 0.004 -15"><span class='ocrx_word' id='word_1_900' title='bbox 2062 5536 2082 5571; x_wconf 72' lang='grc' dir='ltr'><strong>ι</strong></span> <span class='ocrx_word' id='word_1_901' title='bbox 2120 5516 2486 5586; x_wconf 76' lang='lat' dir='ltr'><strong>Aquileienses</strong></span> <span class='ocrx_word' id='word_1_902' title='bbox 2507 5520 2685 5573; x_wconf 61' lang='lat' dir='ltr'><strong>clerici</strong></span> <span class='ocrx_word' id='word_1_903' title='bbox 2718 5516 2868 5584; x_wconf 84' lang='lat' dir='ltr'><strong>quasi</strong></span> <span class='ocrx_word' id='word_1_904' title='bbox 2898 5520 3094 5573; x_wconf 90' lang='lat' dir='ltr'><strong>chorus</strong></span> <span class='ocrx_word' id='word_1_905' title='bbox 3126 5523 3401 5577; x_wconf 85' lang='lat' dir='ltr'><strong>beatorum</strong></span> <span class='ocrx_word' id='word_1_906' title='bbox 3431 5525 3650 5578; x_wconf 80' lang='lat' dir='ltr'><strong>haben-</strong></span> 
     </span>
    </p>
   </div>
   <div class='ocr_carea' id='block_1_128' title="bbox 2059 5590 3650 5657">
    <p class='ocr_par' dir='ltr' id='par_1_128' title="bbox 2059 5590 3650 5657">
     <span class='ocr_line' id='line_1_128' title="bbox 2059 5590 3650 5657; baseline 0.004 -14"><span class='ocrx_word' id='word_1_907' title='bbox 2059 5598 2162 5643; x_wconf 87' lang='lat' dir='ltr'><strong>tur.</strong></span> <span class='ocrx_word' id='word_1_908' title='bbox 2200 5609 2218 5641; x_wconf 74' lang='grc' dir='ltr'><strong>ι</strong></span> <span class='ocrx_word' id='word_1_909' title='bbox 2275 5590 2466 5643; x_wconf 89' lang='lat' dir='ltr'><strong>llabuit</strong></span> <span class='ocrx_word' id='word_1_910' title='bbox 2508 5603 2870 5642; x_wconf 89' lang='lat' dir='ltr'><strong>successorem</strong></span> <span class='ocrx_word' id='word_1_911' title='bbox 2904 5606 3051 5657; x_wconf 76' lang='lat' dir='ltr'><strong>aeque</strong></span> <span class='ocrx_word' id='word_1_912' title='bbox 3092 5604 3332 5647; x_wconf 88' lang='lat' dir='ltr'><strong>sanetum</strong></span> <span class='ocrx_word' id='word_1_913' title='bbox 3376 5595 3650 5649; x_wconf 70' lang='lat' dir='ltr'><strong>Chroma—</strong></span> 
     </span>
    </p>
   </div>
   <div class='ocr_carea' id='block_1_129' title="bbox 2058 5657 3649 5733">
    <p class='ocr_par' dir='ltr' id='par_1_129' title="bbox 2058 5657 3649 5733">
     <span class='ocr_line' id='line_1_129' title="bbox 2058 5657 3649 5733; baseline 0.003 -19"><span class='ocrx_word' id='word_1_914' title='bbox 2058 5660 2211 5733; x_wconf 74' lang='lat' dir='ltr'><strong>tium.</strong></span> <span class='ocrx_word' id='word_1_915' title='bbox 2247 5659 2745 5733; x_wconf 62' lang='lat' dir='ltr'><strong>blernioitrjusdctn</strong></span> <span class='ocrx_word' id='word_1_916' title='bbox 2782 5657 3043 5733; x_wconf 62' lang='lat' dir='ltr'><strong>Valeriani</strong></span> <span class='ocrx_word' id='word_1_917' title='bbox 3079 5661 3325 5733; x_wconf 73' lang='lat' dir='ltr'><strong>llufﬁnus</strong></span> <span class='ocrx_word' id='word_1_918' title='bbox 3354 5665 3649 5733; x_wconf 81' lang='lat' dir='ltr'><strong>presbyter</strong></span> 
     </span>
    </p>
   </div>
   <div class='ocr_carea' id='block_1_130' title="bbox 2056 5729 3641 5797">
    <p class='ocr_par' dir='ltr' id='par_1_130' title="bbox 2056 5729 3641 5797">
     <span class='ocr_line' id='line_1_130' title="bbox 2056 5729 3641 5797; baseline 0.005 -13"><span class='ocrx_word' id='word_1_919' title='bbox 2056 5730 2436 5797; x_wconf 85' lang='lat' dir='ltr'><strong>Aquileiensis,</strong></span> <span class='ocrx_word' id='word_1_920' title='bbox 2472 5731 2607 5783; x_wconf 88' lang='lat' dir='ltr'><strong>libro</strong></span> <span class='ocrx_word' id='word_1_921' title='bbox 2637 5744 2652 5784; x_wconf 91' lang='lat' dir='ltr'><strong>t</strong></span> <span class='ocrx_word' id='word_1_922' title='bbox 2685 5729 2880 5787; x_wconf 86' lang='lat' dir='ltr'><strong>lnvect.</strong></span> <span class='ocrx_word' id='word_1_923' title='bbox 2916 5730 3177 5791; x_wconf 84' lang='lat' dir='ltr'><strong>Baronius</strong></span> <span class='ocrx_word' id='word_1_924' title='bbox 3221 5734 3274 5791; x_wconf 87' lang='lat' dir='ltr'><strong>in</strong></span> <span class='ocrx_word' id='word_1_925' title='bbox 3317 5732 3473 5792; x_wconf 70' lang='lat' dir='ltr'><strong>Mart.</strong></span> <span class='ocrx_word' id='word_1_926' title='bbox 3504 5729 3641 5792; x_wconf 75' lang='lat' dir='ltr'><strong>cum</strong></span> 
     </span>
    </p>
   </div>
   <div class='ocr_carea' id='block_1_131' title="bbox 2057 5799 2587 5871">
    <p class='ocr_par' dir='ltr' id='par_1_131' title="bbox 2057 5799 2587 5871">
     <span class='ocr_line' id='line_1_131' title="bbox 2057 5799 2587 5871; baseline 0.002 -15"><span class='ocrx_word' id='word_1_927' title='bbox 2057 5799 2311 5871; x_wconf 85' lang='lat' dir='ltr'><strong>postridie</strong></span> <span class='ocrx_word' id='word_1_928' title='bbox 2335 5799 2587 5861; x_wconf 83' lang='lat' dir='ltr'><strong>celebrat.</strong></span> 
     </span>
    </p>
   </div>
  </div>
