  <div class='ocr_page' id='page_1' title='image "/cluster/home/n/w/nwhite01/storage/ocr_20150623/94/hvd.32044054759659/564.png"; bbox 0 0 4054 6190; ppageno 0'>
   <div class='ocr_carea' id='block_1_1' title="bbox 326 378 462 435">
    <p class='ocr_par' dir='ltr' id='par_1_1' title="bbox 326 378 462 435">
     <span class='ocr_line' id='line_1_1' title="bbox 326 378 462 435; baseline -0.029 0"><span class='ocrx_word' id='word_1_1' title='bbox 326 378 462 435; x_wconf 72' lang='lat' dir='ltr'><strong>Ill?</strong></span> 
     </span>
    </p>
   </div>
   <div class='ocr_carea' id='block_1_2' title="bbox 1463 342 2471 429">
    <p class='ocr_par' dir='ltr' id='par_1_2' title="bbox 1463 342 2471 429">
     <span class='ocr_line' id='line_1_2' title="bbox 1463 342 2471 429; baseline -0.002 -1"><span class='ocrx_word' id='word_1_2' title='bbox 1463 369 1651 428; x_wconf 77' lang='lat' dir='ltr'><strong>secr.</strong></span> <span class='ocrx_word' id='word_1_3' title='bbox 1694 370 1756 425; x_wconf 83' lang='grc' dir='ltr'><strong>ιι.</strong></span> <span class='ocrx_word' id='word_1_4' title='bbox 1799 398 1869 411; x_wconf 87' lang='grc'><strong><em>-</em></strong></span> <span class='ocrx_word' id='word_1_5' title='bbox 1908 342 2471 429; x_wconf 66' lang='lat' dir='ltr'><strong>aran&#39;rvnoeocta.</strong></span> 
     </span>
    </p>
   </div>
   <div class='ocr_carea' id='block_1_3' title="bbox 3451 372 3589 431">
    <p class='ocr_par' dir='ltr' id='par_1_3' title="bbox 3451 372 3589 431">
     <span class='ocr_line' id='line_1_3' title="bbox 3451 372 3589 431; baseline 0.022 -3"><span class='ocrx_word' id='word_1_6' title='bbox 3451 372 3589 431; x_wconf 73' lang='lat' dir='ltr'><strong>ms</strong></span> 
     </span>
    </p>
   </div>
   <div class='ocr_carea' id='block_1_4' title="bbox 1592 485 2320 544">
    <p class='ocr_par' dir='ltr' id='par_1_4' title="bbox 1592 485 2320 544">
     <span class='ocr_line' id='line_1_4' title="bbox 1592 485 2320 544; baseline -0.003 0"><span class='ocrx_word' id='word_1_7' title='bbox 1592 486 1818 544; x_wconf 84' lang='lat' dir='ltr'><strong>EDITIO</strong></span> <span class='ocrx_word' id='word_1_8' title='bbox 1856 485 2320 543; x_wconf 75' lang='lat' dir='ltr'><strong>COLONIENSIS.</strong></span> 
     </span>
    </p>
   </div>
   <div class='ocr_carea' id='block_1_5' title="bbox 317 577 3574 654">
    <p class='ocr_par' dir='ltr' id='par_1_5' title="bbox 317 577 3574 654">
     <span class='ocr_line' id='line_1_5' title="bbox 317 577 3574 654; baseline -0.002 -15"><span class='ocrx_word' id='word_1_9' title='bbox 317 585 392 639; x_wconf 99' lang='lat' dir='ltr'><strong>bit</strong></span> <span class='ocrx_word' id='word_1_10' title='bbox 418 582 702 654; x_wconf 74' lang='lat' dir='ltr'><strong>Apostolus</strong></span> <span class='ocrx_word' id='word_1_11' title='bbox 729 580 795 635; x_wconf 82' lang='lat' dir='ltr'><strong>ad</strong></span> <span class='ocrx_word' id='word_1_12' title='bbox 825 580 1163 636; x_wconf 76' lang='lat' dir='ltr'><strong>Timotheum</strong></span> <span class='ocrx_word' id='word_1_13' title='bbox 1190 596 1203 634; x_wconf 92' lang='lat'><strong>:</strong></span> <span class='ocrx_word' id='word_1_14' title='bbox 1231 579 1567 651; x_wconf 82' lang='lat' dir='ltr'><strong>’l‘rophimum</strong></span> <span class='ocrx_word' id='word_1_15' title='bbox 1610 591 1781 633; x_wconf 81' lang='lat' dir='ltr'><strong>autem</strong></span> <span class='ocrx_word' id='word_1_16' title='bbox 1809 594 1893 632; x_wconf 84' lang='lat' dir='ltr'><strong>re-</strong></span> <span class='ocrx_word' id='word_1_17' title='bbox 1927 584 1978 640; x_wconf 71' lang='grc' dir='ltr'>Α</span> <span class='ocrx_word' id='word_1_18' title='bbox 2003 580 2262 645; x_wconf 88' lang='lat' dir='ltr'><strong>stachius,</strong></span> <span class='ocrx_word' id='word_1_19' title='bbox 2293 579 2611 633; x_wconf 81' lang='lat' dir='ltr'><strong>Cresconius</strong></span> <span class='ocrx_word' id='word_1_20' title='bbox 2642 587 2696 632; x_wconf 90' lang='lat' dir='ltr'><strong>et</strong></span> <span class='ocrx_word' id='word_1_21' title='bbox 2744 577 3174 647; x_wconf 75' lang='lat' dir='ltr'><strong>Crescentianus,</strong></span> <span class='ocrx_word' id='word_1_22' title='bbox 3223 592 3275 635; x_wconf 90' lang='lat' dir='ltr'><strong>et</strong></span> <span class='ocrx_word' id='word_1_23' title='bbox 3302 580 3475 648; x_wconf 74' lang='lat' dir='ltr'><strong>Felix,</strong></span> <span class='ocrx_word' id='word_1_24' title='bbox 3523 592 3574 634; x_wconf 90' lang='lat' dir='ltr'><strong>et</strong></span> 
     </span>
    </p>
   </div>
   <div class='ocr_carea' id='block_1_6' title="bbox 315 668 1896 741">
    <p class='ocr_par' dir='ltr' id='par_1_6' title="bbox 315 668 1896 741">
     <span class='ocr_line' id='line_1_6' title="bbox 315 668 1896 741; baseline -0.004 -12"><span class='ocrx_word' id='word_1_25' title='bbox 315 677 439 741; x_wconf 81' lang='lat' dir='ltr'><strong>tiqui</strong></span> <span class='ocrx_word' id='word_1_26' title='bbox 465 674 722 740; x_wconf 82' lang='lat' dir='ltr'><strong>inﬁrmum</strong></span> <span class='ocrx_word' id='word_1_27' title='bbox 768 670 964 726; x_wconf 79' lang='lat' dir='ltr'><strong>Meleti.</strong></span> <span class='ocrx_word' id='word_1_28' title='bbox 998 669 1094 725; x_wconf 87' lang='lat' dir='ltr'><strong>Hic</strong></span> <span class='ocrx_word' id='word_1_29' title='bbox 1126 670 1194 725; x_wconf 89' lang='lat' dir='ltr'><strong>ab</strong></span> <span class='ocrx_word' id='word_1_30' title='bbox 1243 670 1502 737; x_wconf 79' lang='lat' dir='ltr'><strong>apostolis</strong></span> <span class='ocrx_word' id='word_1_31' title='bbox 1534 670 1718 723; x_wconf 79' lang='lat' dir='ltr'><strong>Romae</strong></span> <span class='ocrx_word' id='word_1_32' title='bbox 1751 668 1896 723; x_wconf 89' lang='lat' dir='ltr'><strong>ordi-</strong></span> 
     </span>
    </p>
   </div>
   <div class='ocr_carea' id='block_1_7' title="bbox 316 761 1898 836">
    <p class='ocr_par' dir='ltr' id='par_1_7' title="bbox 316 761 1898 836">
     <span class='ocr_line' id='line_1_7' title="bbox 316 761 1898 836; baseline -0.006 -13"><span class='ocrx_word' id='word_1_33' title='bbox 316 779 472 823; x_wconf 87' lang='lat' dir='ltr'><strong>natus</strong></span> <span class='ocrx_word' id='word_1_34' title='bbox 501 769 806 836; x_wconf 81' lang='lat' dir='ltr'><strong>episcopus,</strong></span> <span class='ocrx_word' id='word_1_35' title='bbox 852 764 1055 832; x_wconf 90' lang='lat' dir='ltr'><strong>primus</strong></span> <span class='ocrx_word' id='word_1_36' title='bbox 1088 763 1151 817; x_wconf 90' lang='lat' dir='ltr'><strong>ad</strong></span> <span class='ocrx_word' id='word_1_37' title='bbox 1182 764 1453 819; x_wconf 81' lang='lat' dir='ltr'><strong>Arelatem</strong></span> <span class='ocrx_word' id='word_1_38' title='bbox 1487 762 1671 816; x_wconf 84' lang='lat' dir='ltr'><strong>urbem</strong></span> <span class='ocrx_word' id='word_1_39' title='bbox 1710 761 1898 816; x_wconf 76' lang='lat' dir='ltr'><strong>Galliae</strong></span> 
     </span>
    </p>
   </div>
   <div class='ocr_carea' id='block_1_8' title="bbox 316 852 1897 925">
    <p class='ocr_par' dir='ltr' id='par_1_8' title="bbox 316 852 1897 925">
     <span class='ocr_line' id='line_1_8' title="bbox 316 852 1897 925; baseline -0.005 -12"><span class='ocrx_word' id='word_1_40' title='bbox 316 862 438 913; x_wconf 89' lang='lat' dir='ltr'><strong>illuc</strong></span> <span class='ocrx_word' id='word_1_41' title='bbox 486 858 556 913; x_wconf 89' lang='lat' dir='ltr'><strong>ob</strong></span> <span class='ocrx_word' id='word_1_42' title='bbox 598 857 797 910; x_wconf 78' lang='lat' dir='ltr'><strong>Christi</strong></span> <span class='ocrx_word' id='word_1_43' title='bbox 848 855 1187 924; x_wconf 79' lang='lat' dir='ltr'><strong>evangelium</strong></span> <span class='ocrx_word' id='word_1_44' title='bbox 1244 854 1645 925; x_wconf 66' lang='lat' dir='ltr'><strong>prmdicandum</strong></span> <span class='ocrx_word' id='word_1_45' title='bbox 1698 852 1897 906; x_wconf 91' lang='lat' dir='ltr'><strong>missus</strong></span> 
     </span>
    </p>
   </div>
   <div class='ocr_carea' id='block_1_9' title="bbox 313 942 1895 1017">
    <p class='ocr_par' dir='ltr' id='par_1_9' title="bbox 313 942 1895 1017">
     <span class='ocr_line' id='line_1_9' title="bbox 313 942 1895 1017; baseline -0.007 -12"><span class='ocrx_word' id='word_1_46' title='bbox 313 962 429 1006; x_wconf 87' lang='lat' dir='ltr'><strong>est:</strong></span> <span class='ocrx_word' id='word_1_47' title='bbox 460 965 527 1005; x_wconf 79' lang='lat' dir='ltr'><strong>ex</strong></span> <span class='ocrx_word' id='word_1_48' title='bbox 553 949 707 1017; x_wconf 87' lang='lat' dir='ltr'><strong>cujus</strong></span> <span class='ocrx_word' id='word_1_49' title='bbox 741 947 914 1010; x_wconf 79' lang='lat' dir='ltr'><strong>fonte,</strong></span> <span class='ocrx_word' id='word_1_50' title='bbox 947 957 1007 1000; x_wconf 91' lang='lat' dir='ltr'><strong>ut</strong></span> <span class='ocrx_word' id='word_1_51' title='bbox 1040 948 1228 1001; x_wconf 88' lang='lat' dir='ltr'><strong>beatus</strong></span> <span class='ocrx_word' id='word_1_52' title='bbox 1255 961 1386 1016; x_wconf 85' lang='lat' dir='ltr'><strong>papa</strong></span> <span class='ocrx_word' id='word_1_53' title='bbox 1412 945 1653 998; x_wconf 89' lang='lat' dir='ltr'><strong>Zosimus</strong></span> <span class='ocrx_word' id='word_1_54' title='bbox 1684 942 1895 1005; x_wconf 82' lang='lat' dir='ltr'><strong>scribit,</strong></span> 
     </span>
    </p>
   </div>
   <div class='ocr_carea' id='block_1_10' title="bbox 317 1034 1899 1105">
    <p class='ocr_par' dir='ltr' id='par_1_10' title="bbox 317 1034 1899 1105">
     <span class='ocr_line' id='line_1_10' title="bbox 317 1034 1899 1105; baseline -0.006 -10"><span class='ocrx_word' id='word_1_55' title='bbox 317 1051 424 1095; x_wconf 87' lang='lat' dir='ltr'><strong>tota</strong></span> <span class='ocrx_word' id='word_1_56' title='bbox 456 1037 625 1093; x_wconf 88' lang='lat' dir='ltr'><strong>Gallia</strong></span> <span class='ocrx_word' id='word_1_57' title='bbox 660 1036 787 1091; x_wconf 85' lang='lat' dir='ltr'><strong>lldei</strong></span> <span class='ocrx_word' id='word_1_58' title='bbox 815 1036 961 1091; x_wconf 88' lang='lat' dir='ltr'><strong>rivos</strong></span> <span class='ocrx_word' id='word_1_59' title='bbox 985 1039 1212 1105; x_wconf 87' lang='lat' dir='ltr'><strong>accepit,</strong></span> <span class='ocrx_word' id='word_1_60' title='bbox 1244 1035 1331 1104; x_wconf 89' lang='lat' dir='ltr'><strong>qui</strong></span> <span class='ocrx_word' id='word_1_61' title='bbox 1361 1037 1498 1105; x_wconf 92' lang='lat' dir='ltr'><strong>apud</strong></span> <span class='ocrx_word' id='word_1_62' title='bbox 1529 1034 1779 1090; x_wconf 81' lang='lat' dir='ltr'><strong>eamdem</strong></span> <span class='ocrx_word' id='word_1_63' title='bbox 1809 1050 1899 1087; x_wconf 91' lang='lat' dir='ltr'><strong>ur-</strong></span> 
     </span>
    </p>
   </div>
   <div class='ocr_carea' id='block_1_11' title="bbox 316 1125 1897 1199">
    <p class='ocr_par' dir='ltr' id='par_1_11' title="bbox 316 1125 1897 1199">
     <span class='ocr_line' id='line_1_11' title="bbox 316 1125 1897 1199; baseline -0.006 -13"><span class='ocrx_word' id='word_1_64' title='bbox 316 1132 436 1186; x_wconf 92' lang='lat' dir='ltr'><strong>bem</strong></span> <span class='ocrx_word' id='word_1_65' title='bbox 467 1130 519 1185; x_wconf 94' lang='lat' dir='ltr'><strong>in</strong></span> <span class='ocrx_word' id='word_1_66' title='bbox 560 1144 690 1199; x_wconf 87' lang='lat' dir='ltr'><strong>pace</strong></span> <span class='ocrx_word' id='word_1_67' title='bbox 718 1127 943 1197; x_wconf 84' lang='lat' dir='ltr'><strong>quievit,</strong></span> <span class='ocrx_word' id='word_1_68' title='bbox 984 1128 1227 1194; x_wconf 81' lang='lat' dir='ltr'><strong>Gregorii</strong></span> <span class='ocrx_word' id='word_1_69' title='bbox 1260 1142 1433 1196; x_wconf 84' lang='lat' dir='ltr'><strong>papae,</strong></span> <span class='ocrx_word' id='word_1_70' title='bbox 1485 1126 1575 1195; x_wconf 92' lang='lat' dir='ltr'><strong>qui</strong></span> <span class='ocrx_word' id='word_1_71' title='bbox 1624 1125 1766 1179; x_wconf 80' lang='lat' dir='ltr'><strong>rexit</strong></span> <span class='ocrx_word' id='word_1_72' title='bbox 1799 1125 1897 1178; x_wconf 86' lang='lat' dir='ltr'><strong>Ec-</strong></span> 
     </span>
    </p>
   </div>
   <div class='ocr_carea' id='block_1_12' title="bbox 317 1218 1895 1281">
    <p class='ocr_par' dir='ltr' id='par_1_12' title="bbox 317 1218 1895 1281">
     <span class='ocr_line' id='line_1_12' title="bbox 317 1218 1895 1281; baseline -0.006 -2"><span class='ocrx_word' id='word_1_73' title='bbox 317 1226 535 1281; x_wconf 88' lang='lat' dir='ltr'><strong>clesiam</strong></span> <span class='ocrx_word' id='word_1_74' title='bbox 589 1236 758 1277; x_wconf 89' lang='lat' dir='ltr'><strong>annos</strong></span> <span class='ocrx_word' id='word_1_75' title='bbox 804 1222 1017 1276; x_wconf 82' lang='lat' dir='ltr'><strong>decem.</strong></span> <span class='ocrx_word' id='word_1_76' title='bbox 1068 1220 1165 1274; x_wconf 84' lang='lat' dir='ltr'><strong>ilic</strong></span> <span class='ocrx_word' id='word_1_77' title='bbox 1208 1220 1487 1275; x_wconf 88' lang='lat' dir='ltr'><strong>constituit</strong></span> <span class='ocrx_word' id='word_1_78' title='bbox 1526 1218 1577 1272; x_wconf 94' lang='lat' dir='ltr'><strong>in</strong></span> <span class='ocrx_word' id='word_1_79' title='bbox 1623 1232 1831 1272; x_wconf 91' lang='lat' dir='ltr'><strong>canone</strong></span> <span class='ocrx_word' id='word_1_80' title='bbox 1866 1233 1895 1270; x_wconf 92' lang='lat' dir='ltr'><strong>a</strong></span> 
     </span>
    </p>
   </div>
   <div class='ocr_carea' id='block_1_13' title="bbox 317 1307 1897 1378">
    <p class='ocr_par' dir='ltr' id='par_1_13' title="bbox 317 1307 1897 1378">
     <span class='ocr_line' id='line_1_13' title="bbox 317 1307 1897 1378; baseline -0.006 -8"><span class='ocrx_word' id='word_1_81' title='bbox 317 1314 594 1371; x_wconf 89' lang='lat' dir='ltr'><strong>sacerdote</strong></span> <span class='ocrx_word' id='word_1_82' title='bbox 648 1313 974 1369; x_wconf 86' lang='lat' dir='ltr'><strong>dicendum:</strong></span> <span class='ocrx_word' id='word_1_83' title='bbox 1010 1310 1244 1378; x_wconf 82' lang='lat' dir='ltr'><strong>Quorum</strong></span> <span class='ocrx_word' id='word_1_84' title='bbox 1289 1309 1584 1363; x_wconf 82' lang='lat' dir='ltr'><strong>solemnitas</strong></span> <span class='ocrx_word' id='word_1_85' title='bbox 1642 1309 1792 1361; x_wconf 82' lang='lat' dir='ltr'><strong>hodie</strong></span> <span class='ocrx_word' id='word_1_86' title='bbox 1842 1307 1897 1361; x_wconf 83' lang='lat' dir='ltr'><strong>in</strong></span> 
     </span>
    </p>
   </div>
   <div class='ocr_carea' id='block_1_14' title="bbox 316 1399 1891 1480">
    <p class='ocr_par' dir='ltr' id='par_1_14' title="bbox 316 1399 1891 1480">
     <span class='ocr_line' id='line_1_14' title="bbox 316 1399 1891 1480; baseline -0.006 -18"><span class='ocrx_word' id='word_1_87' title='bbox 316 1417 584 1480; x_wconf 68' lang='lat' dir='ltr'><strong>conspectu</strong></span> <span class='ocrx_word' id='word_1_88' title='bbox 630 1415 732 1459; x_wconf 75' lang='lat' dir='ltr'><strong>tute</strong></span> <span class='ocrx_word' id='word_1_89' title='bbox 783 1404 1074 1474; x_wconf 82' lang='lat' dir='ltr'><strong>Majestatis</strong></span> <span class='ocrx_word' id='word_1_90' title='bbox 1125 1403 1428 1467; x_wconf 80' lang='lat' dir='ltr'><strong>celebratur,</strong></span> <span class='ocrx_word' id='word_1_91' title='bbox 1484 1399 1701 1455; x_wconf 80' lang='lat' dir='ltr'><strong>Domine</strong></span> <span class='ocrx_word' id='word_1_92' title='bbox 1754 1399 1891 1453; x_wconf 84' lang='lat' dir='ltr'><strong>Deus</strong></span> 
     </span>
    </p>
   </div>
   <div class='ocr_carea' id='block_1_15' title="bbox 317 1492 1895 1561">
    <p class='ocr_par' dir='ltr' id='par_1_15' title="bbox 317 1492 1895 1561">
     <span class='ocr_line' id='line_1_15' title="bbox 317 1492 1895 1561; baseline -0.004 -12"><span class='ocrx_word' id='word_1_93' title='bbox 317 1508 507 1561; x_wconf 79' lang='lat' dir='ltr'><strong>noster,</strong></span> <span class='ocrx_word' id='word_1_94' title='bbox 540 1505 643 1549; x_wconf 85' lang='lat' dir='ltr'><strong>toto</strong></span> <span class='ocrx_word' id='word_1_95' title='bbox 684 1494 737 1547; x_wconf 84' lang='lat' dir='ltr'><strong>in</strong></span> <span class='ocrx_word' id='word_1_96' title='bbox 778 1494 896 1547; x_wconf 86' lang='lat' dir='ltr'><strong>orbe</strong></span> <span class='ocrx_word' id='word_1_97' title='bbox 943 1502 1210 1557; x_wconf 86' lang='lat' dir='ltr'><strong>terrarum,</strong></span> <span class='ocrx_word' id='word_1_98' title='bbox 1256 1492 1385 1544; x_wconf 82' lang='lat' dir='ltr'><strong>inter</strong></span> <span class='ocrx_word' id='word_1_99' title='bbox 1407 1507 1623 1561; x_wconf 84' lang='lat' dir='ltr'><strong>quorum</strong></span> <span class='ocrx_word' id='word_1_100' title='bbox 1652 1506 1743 1543; x_wconf 81' lang='lat' dir='ltr'><strong>nos</strong></span> <span class='ocrx_word' id='word_1_101' title='bbox 1772 1506 1895 1543; x_wconf 85' lang='lat' dir='ltr'><strong>con-</strong></span> 
     </span>
    </p>
   </div>
   <div class='ocr_carea' id='block_1_16' title="bbox 313 1581 1896 1653">
    <p class='ocr_par' dir='ltr' id='par_1_16' title="bbox 313 1581 1896 1653">
     <span class='ocr_line' id='line_1_16' title="bbox 313 1581 1896 1653; baseline -0.005 -11"><span class='ocrx_word' id='word_1_102' title='bbox 313 1588 495 1653; x_wconf 71' lang='lat' dir='ltr'><strong>sortia,</strong></span> <span class='ocrx_word' id='word_1_103' title='bbox 528 1594 582 1640; x_wconf 90' lang='lat' dir='ltr'><strong>et</strong></span> <span class='ocrx_word' id='word_1_104' title='bbox 623 1596 838 1640; x_wconf 58' lang='lat' dir='ltr'><strong>caetera.</strong></span> <span class='ocrx_word' id='word_1_105' title='bbox 869 1584 1123 1653; x_wconf 88' lang='lat' dir='ltr'><strong>Sepultus</strong></span> <span class='ocrx_word' id='word_1_106' title='bbox 1162 1591 1242 1636; x_wconf 89' lang='lat' dir='ltr'><strong>est</strong></span> <span class='ocrx_word' id='word_1_107' title='bbox 1275 1583 1327 1636; x_wconf 93' lang='lat' dir='ltr'><strong>in</strong></span> <span class='ocrx_word' id='word_1_108' title='bbox 1358 1582 1586 1636; x_wconf 82' lang='lat' dir='ltr'><strong>ecclesia</strong></span> <span class='ocrx_word' id='word_1_109' title='bbox 1626 1581 1764 1635; x_wconf 83' lang='lat' dir='ltr'><strong>beati</strong></span> <span class='ocrx_word' id='word_1_110' title='bbox 1794 1581 1896 1634; x_wconf 84' lang='lat' dir='ltr'><strong>Pe-</strong></span> 
     </span>
    </p>
   </div>
   <div class='ocr_carea' id='block_1_17' title="bbox 318 1672 1897 1745">
    <p class='ocr_par' dir='ltr' id='par_1_17' title="bbox 318 1672 1897 1745">
     <span class='ocr_line' id='line_1_17' title="bbox 318 1672 1897 1745; baseline -0.006 -13"><span class='ocrx_word' id='word_1_111' title='bbox 318 1678 384 1733; x_wconf 91' lang='lat' dir='ltr'><strong>tri</strong></span> <span class='ocrx_word' id='word_1_112' title='bbox 417 1678 661 1745; x_wconf 85' lang='lat' dir='ltr'><strong>apostoli.</strong></span> <span class='ocrx_word' id='word_1_113' title='bbox 699 1675 899 1729; x_wconf 83' lang='lat' dir='ltr'><strong>Eodem</strong></span> <span class='ocrx_word' id='word_1_114' title='bbox 929 1673 1016 1728; x_wconf 88' lang='lat' dir='ltr'><strong>die</strong></span> <span class='ocrx_word' id='word_1_115' title='bbox 1065 1672 1235 1727; x_wconf 87' lang='lat' dir='ltr'><strong>sancti</strong></span> <span class='ocrx_word' id='word_1_116' title='bbox 1278 1672 1396 1725; x_wconf 81' lang='lat' dir='ltr'><strong>Ruii</strong></span> <span class='ocrx_word' id='word_1_117' title='bbox 1430 1674 1701 1741; x_wconf 85' lang='lat' dir='ltr'><strong>martyris,</strong></span> <span class='ocrx_word' id='word_1_118' title='bbox 1738 1683 1897 1739; x_wconf 88' lang='lat' dir='ltr'><strong>quem</strong></span> 
     </span>
    </p>
   </div>
   <div class='ocr_carea' id='block_1_18' title="bbox 317 1760 1893 1827">
    <p class='ocr_par' dir='ltr' id='par_1_18' title="bbox 317 1760 1893 1827">
     <span class='ocr_line' id='line_1_18' title="bbox 317 1760 1893 1827; baseline -0.009 -5"><span class='ocrx_word' id='word_1_119' title='bbox 317 1766 574 1823; x_wconf 90' lang='lat' dir='ltr'><strong>Dominus</strong></span> <span class='ocrx_word' id='word_1_120' title='bbox 607 1764 765 1822; x_wconf 85' lang='lat' dir='ltr'><strong>Jesus</strong></span> <span class='ocrx_word' id='word_1_121' title='bbox 810 1762 1056 1819; x_wconf 84' lang='lat' dir='ltr'><strong>Christus</strong></span> <span class='ocrx_word' id='word_1_122' title='bbox 1106 1777 1225 1818; x_wconf 91' lang='lat' dir='ltr'><strong>cum</strong></span> <span class='ocrx_word' id='word_1_123' title='bbox 1267 1762 1413 1817; x_wconf 89' lang='lat' dir='ltr'><strong>omni</strong></span> <span class='ocrx_word' id='word_1_124' title='bbox 1446 1760 1611 1815; x_wconf 91' lang='lat' dir='ltr'><strong>domo</strong></span> <span class='ocrx_word' id='word_1_125' title='bbox 1655 1775 1749 1816; x_wconf 86' lang='lat' dir='ltr'><strong>sua</strong></span> <span class='ocrx_word' id='word_1_126' title='bbox 1795 1769 1893 1827; x_wconf 87' lang='lat' dir='ltr'><strong>per</strong></span> 
     </span>
    </p>
   </div>
   <div class='ocr_carea' id='block_1_19' title="bbox 315 1850 1894 1929">
    <p class='ocr_par' dir='ltr' id='par_1_19' title="bbox 315 1850 1894 1929">
     <span class='ocr_line' id='line_1_19' title="bbox 315 1850 1894 1929; baseline -0.006 -17"><span class='ocrx_word' id='word_1_127' title='bbox 315 1856 725 1929; x_wconf 80' lang='lat' dir='ltr'><strong>Chrysogonum</strong></span> <span class='ocrx_word' id='word_1_128' title='bbox 765 1864 1054 1923; x_wconf 81' lang='lat' dir='ltr'><strong>martyrem</strong></span> <span class='ocrx_word' id='word_1_129' title='bbox 1087 1852 1327 1907; x_wconf 86' lang='lat' dir='ltr'><strong>lucratus</strong></span> <span class='ocrx_word' id='word_1_130' title='bbox 1375 1860 1479 1918; x_wconf 90' lang='lat' dir='ltr'><strong>est,</strong></span> <span class='ocrx_word' id='word_1_131' title='bbox 1513 1862 1565 1906; x_wconf 89' lang='lat' dir='ltr'><strong>et</strong></span> <span class='ocrx_word' id='word_1_132' title='bbox 1595 1864 1715 1905; x_wconf 91' lang='lat' dir='ltr'><strong>cum</strong></span> <span class='ocrx_word' id='word_1_133' title='bbox 1749 1850 1894 1903; x_wconf 90' lang='lat' dir='ltr'><strong>omni</strong></span> 
     </span>
    </p>
   </div>
   <div class='ocr_carea' id='block_1_20' title="bbox 2007 670 3578 737">
    <p class='ocr_par' dir='ltr' id='par_1_20' title="bbox 2007 670 3578 737">
     <span class='ocr_line' id='line_1_20' title="bbox 2007 670 3578 737; baseline 0 -12"><span class='ocrx_word' id='word_1_134' title='bbox 2007 672 2346 737; x_wconf 86' lang='lat' dir='ltr'><strong>Hortulanus,</strong></span> <span class='ocrx_word' id='word_1_135' title='bbox 2377 680 2431 727; x_wconf 91' lang='lat' dir='ltr'><strong>et</strong></span> <span class='ocrx_word' id='word_1_136' title='bbox 2459 670 2866 737; x_wconf 88' lang='lat' dir='ltr'><strong>Florentianus,</strong></span> <span class='ocrx_word' id='word_1_137' title='bbox 2895 672 3127 725; x_wconf 81' lang='lat' dir='ltr'><strong>damnati</strong></span> <span class='ocrx_word' id='word_1_138' title='bbox 3152 673 3342 726; x_wconf 81' lang='lat' dir='ltr'><strong>exsilio</strong></span> <span class='ocrx_word' id='word_1_139' title='bbox 3364 689 3578 728; x_wconf 86' lang='lat' dir='ltr'><strong>cursum</strong></span> 
     </span>
    </p>
   </div>
   <div class='ocr_carea' id='block_1_21' title="bbox 2005 763 3579 833">
    <p class='ocr_par' dir='ltr' id='par_1_21' title="bbox 2005 763 3579 833">
     <span class='ocr_line' id='line_1_21' title="bbox 2005 763 3579 833; baseline 0.001 -18"><span class='ocrx_word' id='word_1_140' title='bbox 2005 763 2126 816; x_wconf 79' lang='lat' dir='ltr'><strong>vit-.e</strong></span> <span class='ocrx_word' id='word_1_141' title='bbox 2158 778 2267 817; x_wconf 80' lang='lat' dir='ltr'><strong>suae</strong></span> <span class='ocrx_word' id='word_1_142' title='bbox 2297 775 2826 817; x_wconf 87' lang='lat' dir='ltr'><strong>consummaverunt.</strong></span> <span class='ocrx_word' id='word_1_143' title='bbox 2863 763 3081 817; x_wconf 71' lang='lat' dir='ltr'><strong>Vienna:</strong></span> <span class='ocrx_word' id='word_1_144' title='bbox 3137 765 3305 818; x_wconf 86' lang='lat' dir='ltr'><strong>sancti</strong></span> <span class='ocrx_word' id='word_1_145' title='bbox 3348 764 3579 833; x_wconf 83' lang='lat' dir='ltr'><strong>Philippi</strong></span> 
     </span>
    </p>
   </div>
   <div class='ocr_carea' id='block_1_22' title="bbox 2007 852 3588 924">
    <p class='ocr_par' dir='ltr' id='par_1_22' title="bbox 2007 852 3588 924">
     <span class='ocr_line' id='line_1_22' title="bbox 2007 852 3588 924; baseline 0 -16"><span class='ocrx_word' id='word_1_146' title='bbox 2007 854 2247 921; x_wconf 89' lang='lat' dir='ltr'><strong>ejusdem</strong></span> <span class='ocrx_word' id='word_1_147' title='bbox 2293 854 2445 909; x_wconf 83' lang='lat' dir='ltr'><strong>urbis</strong></span> <span class='ocrx_word' id='word_1_148' title='bbox 2477 855 2736 924; x_wconf 87' lang='lat' dir='ltr'><strong>episcopi.</strong></span> <span class='ocrx_word' id='word_1_149' title='bbox 2772 854 2827 908; x_wconf 91' lang='lat' dir='ltr'><strong>In</strong></span> <span class='ocrx_word' id='word_1_150' title='bbox 2875 854 3029 923; x_wconf 87' lang='lat' dir='ltr'><strong>Syria</strong></span> <span class='ocrx_word' id='word_1_151' title='bbox 3074 853 3377 923; x_wconf 87' lang='lat' dir='ltr'><strong>Trophimi,</strong></span> <span class='ocrx_word' id='word_1_152' title='bbox 3411 852 3588 908; x_wconf 85' lang='lat' dir='ltr'><strong>Theo-</strong></span> 
     </span>
    </p>
   </div>
   <div class='ocr_carea' id='block_1_23' title="bbox 2004 943 3221 1014">
    <p class='ocr_par' dir='ltr' id='par_1_23' title="bbox 2004 943 3221 1014">
     <span class='ocr_line' id='line_1_23' title="bbox 2004 943 3221 1014; baseline -0.002 -15"><span class='ocrx_word' id='word_1_153' title='bbox 2004 946 2125 1005; x_wconf 82' lang='lat' dir='ltr'><strong>doli.</strong></span> <span class='ocrx_word' id='word_1_154' title='bbox 2161 943 2418 1011; x_wconf 80' lang='lat' dir='ltr'><strong>Expicati,</strong></span> <span class='ocrx_word' id='word_1_155' title='bbox 2446 946 2685 1014; x_wconf 85' lang='lat' dir='ltr'><strong>Eruceri,</strong></span> <span class='ocrx_word' id='word_1_156' title='bbox 2723 944 2940 999; x_wconf 88' lang='lat' dir='ltr'><strong>Eusebii</strong></span> <span class='ocrx_word' id='word_1_157' title='bbox 2983 952 3039 999; x_wconf 88' lang='lat' dir='ltr'><strong>et</strong></span> <span class='ocrx_word' id='word_1_158' title='bbox 3080 944 3221 998; x_wconf 86' lang='lat' dir='ltr'><strong>Julii.</strong></span> 
     </span>
    </p>
   </div>
   <div class='ocr_carea' id='block_1_24' title="bbox 2076 1036 3586 1093">
    <p class='ocr_par' dir='ltr' id='par_1_24' title="bbox 2076 1036 3586 1093">
     <span class='ocr_line' id='line_1_24' title="bbox 2076 1036 3586 1093; baseline -0.001 -3"><span class='ocrx_word' id='word_1_159' title='bbox 2076 1036 2137 1090; x_wconf 91' lang='lat' dir='ltr'><strong>D.</strong></span> <span class='ocrx_word' id='word_1_160' title='bbox 2168 1037 2230 1090; x_wconf 91' lang='grc'><strong>111</strong></span> <span class='ocrx_word' id='word_1_161' title='bbox 2261 1036 2395 1091; x_wconf 66' lang='lat' dir='ltr'><strong>Kac.</strong></span> <span class='ocrx_word' id='word_1_162' title='bbox 2456 1038 2693 1091; x_wconf 70' lang='lat' dir='ltr'><strong>Decus.</strong></span> <span class='ocrx_word' id='word_1_163' title='bbox 2723 1067 2792 1077; x_wconf 95' lang='lat'><strong>-—</strong></span> <span class='ocrx_word' id='word_1_164' title='bbox 2818 1038 2999 1092; x_wconf 72' lang='lat' dir='ltr'><strong>Roma:</strong></span> <span class='ocrx_word' id='word_1_165' title='bbox 3046 1038 3224 1093; x_wconf 82' lang='lat' dir='ltr'><strong>natale</strong></span> <span class='ocrx_word' id='word_1_166' title='bbox 3273 1038 3445 1091; x_wconf 85' lang='lat' dir='ltr'><strong>sancti</strong></span> <span class='ocrx_word' id='word_1_167' title='bbox 3485 1038 3586 1092; x_wconf 81' lang='lat' dir='ltr'><strong>Sa-</strong></span> 
     </span>
    </p>
   </div>
   <div class='ocr_carea' id='block_1_25' title="bbox 2003 1127 3585 1196">
    <p class='ocr_par' dir='ltr' id='par_1_25' title="bbox 2003 1127 3585 1196">
     <span class='ocr_line' id='line_1_25' title="bbox 2003 1127 3585 1196; baseline -0.001 -16"><span class='ocrx_word' id='word_1_168' title='bbox 2003 1127 2201 1180; x_wconf 89' lang='lat' dir='ltr'><strong>turnini</strong></span> <span class='ocrx_word' id='word_1_169' title='bbox 2228 1128 2503 1196; x_wconf 87' lang='lat' dir='ltr'><strong>martyris,</strong></span> <span class='ocrx_word' id='word_1_170' title='bbox 2529 1136 2584 1180; x_wconf 91' lang='lat' dir='ltr'><strong>et</strong></span> <span class='ocrx_word' id='word_1_171' title='bbox 2605 1128 2832 1181; x_wconf 90' lang='lat' dir='ltr'><strong>Sisinnii</strong></span> <span class='ocrx_word' id='word_1_172' title='bbox 2858 1128 3096 1195; x_wconf 80' lang='lat' dir='ltr'><strong>diaconi,</strong></span> <span class='ocrx_word' id='word_1_173' title='bbox 3129 1130 3226 1182; x_wconf 87' lang='lat' dir='ltr'><strong>sub</strong></span> <span class='ocrx_word' id='word_1_174' title='bbox 3248 1128 3585 1191; x_wconf 73' lang='lat' dir='ltr'><strong>Maximiano,</strong></span> 
     </span>
    </p>
   </div>
   <div class='ocr_carea' id='block_1_26' title="bbox 2002 1216 3588 1285">
    <p class='ocr_par' dir='ltr' id='par_1_26' title="bbox 2002 1216 3588 1285">
     <span class='ocr_line' id='line_1_26' title="bbox 2002 1216 3588 1285; baseline 0.001 -17"><span class='ocrx_word' id='word_1_175' title='bbox 2002 1231 2029 1268; x_wconf 90' lang='lat' dir='ltr'><strong>a</strong></span> <span class='ocrx_word' id='word_1_176' title='bbox 2062 1231 2167 1285; x_wconf 93' lang='lat' dir='ltr'><strong>quo</strong></span> <span class='ocrx_word' id='word_1_177' title='bbox 2195 1216 2369 1285; x_wconf 90' lang='lat' dir='ltr'><strong>primo</strong></span> <span class='ocrx_word' id='word_1_178' title='bbox 2400 1216 2537 1270; x_wconf 86' lang='lat' dir='ltr'><strong>inter</strong></span> <span class='ocrx_word' id='word_1_179' title='bbox 2570 1217 2710 1270; x_wconf 91' lang='lat' dir='ltr'><strong>alios</strong></span> <span class='ocrx_word' id='word_1_180' title='bbox 2740 1232 2927 1271; x_wconf 88' lang='lat' dir='ltr'><strong>servos</strong></span> <span class='ocrx_word' id='word_1_181' title='bbox 2966 1218 3056 1271; x_wconf 89' lang='lat' dir='ltr'><strong>Dei</strong></span> <span class='ocrx_word' id='word_1_182' title='bbox 3098 1219 3357 1284; x_wconf 80' lang='lat' dir='ltr'><strong>damnati,</strong></span> <span class='ocrx_word' id='word_1_183' title='bbox 3405 1218 3469 1271; x_wconf 92' lang='lat' dir='ltr'><strong>ad</strong></span> <span class='ocrx_word' id='word_1_184' title='bbox 3511 1218 3588 1271; x_wconf 80' lang='lat' dir='ltr'><strong>lo-</strong></span> 
     </span>
    </p>
   </div>
   <div class='ocr_carea' id='block_1_27' title="bbox 2002 1303 3587 1369">
    <p class='ocr_par' dir='ltr' id='par_1_27' title="bbox 2002 1303 3587 1369">
     <span class='ocr_line' id='line_1_27' title="bbox 2002 1303 3587 1369; baseline 0.001 -12"><span class='ocrx_word' id='word_1_185' title='bbox 2002 1303 2249 1357; x_wconf 91' lang='lat' dir='ltr'><strong>diendam</strong></span> <span class='ocrx_word' id='word_1_186' title='bbox 2282 1318 2526 1368; x_wconf 88' lang='lat' dir='ltr'><strong>arenam,</strong></span> <span class='ocrx_word' id='word_1_187' title='bbox 2574 1305 2637 1357; x_wconf 89' lang='lat' dir='ltr'><strong>ad</strong></span> <span class='ocrx_word' id='word_1_188' title='bbox 2669 1304 2943 1358; x_wconf 78' lang='lat' dir='ltr'><strong>faciendas</strong></span> <span class='ocrx_word' id='word_1_189' title='bbox 2976 1307 3212 1360; x_wconf 82' lang='lat' dir='ltr'><strong>thermas</strong></span> <span class='ocrx_word' id='word_1_190' title='bbox 3246 1306 3587 1369; x_wconf 84' lang='lat' dir='ltr'><strong>Diocletiani,</strong></span> 
     </span>
    </p>
   </div>
   <div class='ocr_carea' id='block_1_28' title="bbox 2001 1393 3589 1471">
    <p class='ocr_par' dir='ltr' id='par_1_28' title="bbox 2001 1393 3589 1471">
     <span class='ocr_line' id='line_1_28' title="bbox 2001 1393 3589 1471; baseline 0.001 -25"><span class='ocrx_word' id='word_1_191' title='bbox 2001 1393 2193 1471; x_wconf 90' lang='lat' dir='ltr'><strong>deinde</strong></span> <span class='ocrx_word' id='word_1_192' title='bbox 2240 1393 2291 1447; x_wconf 89' lang='lat' dir='ltr'><strong>in</strong></span> <span class='ocrx_word' id='word_1_193' title='bbox 2344 1408 2561 1448; x_wconf 87' lang='lat' dir='ltr'><strong>carcere</strong></span> <span class='ocrx_word' id='word_1_194' title='bbox 2611 1395 2703 1449; x_wconf 91' lang='lat' dir='ltr'><strong>diu</strong></span> <span class='ocrx_word' id='word_1_195' title='bbox 2754 1406 2885 1450; x_wconf 91' lang='lat' dir='ltr'><strong>sunt</strong></span> <span class='ocrx_word' id='word_1_196' title='bbox 2937 1400 3233 1463; x_wconf 90' lang='lat' dir='ltr'><strong>macerati;</strong></span> <span class='ocrx_word' id='word_1_197' title='bbox 3267 1399 3354 1452; x_wconf 91' lang='lat' dir='ltr'><strong>ubi</strong></span> <span class='ocrx_word' id='word_1_198' title='bbox 3391 1400 3589 1451; x_wconf 89' lang='lat' dir='ltr'><strong>multos</strong></span> 
     </span>
    </p>
   </div>
   <div class='ocr_carea' id='block_1_29' title="bbox 2001 1483 3583 1555">
    <p class='ocr_par' dir='ltr' id='par_1_29' title="bbox 2001 1483 3583 1555">
     <span class='ocr_line' id='line_1_29' title="bbox 2001 1483 3583 1555; baseline 0.003 -18"><span class='ocrx_word' id='word_1_199' title='bbox 2001 1483 2225 1553; x_wconf 80' lang='lat' dir='ltr'><strong>gentiles</strong></span> <span class='ocrx_word' id='word_1_200' title='bbox 2252 1484 2509 1537; x_wconf 90' lang='lat' dir='ltr'><strong>docentes</strong></span> <span class='ocrx_word' id='word_1_201' title='bbox 2541 1485 2909 1555; x_wconf 88' lang='lat' dir='ltr'><strong>baptizabant,</strong></span> <span class='ocrx_word' id='word_1_202' title='bbox 2948 1497 3001 1540; x_wconf 89' lang='lat' dir='ltr'><strong>et</strong></span> <span class='ocrx_word' id='word_1_203' title='bbox 3030 1487 3207 1540; x_wconf 87' lang='lat' dir='ltr'><strong>denuo</strong></span> <span class='ocrx_word' id='word_1_204' title='bbox 3239 1490 3440 1554; x_wconf 83' lang='lat' dir='ltr'><strong>educti,</strong></span> <span class='ocrx_word' id='word_1_205' title='bbox 3468 1491 3583 1541; x_wconf 77' lang='lat' dir='ltr'><strong>rin-</strong></span> 
     </span>
    </p>
   </div>
   <div class='ocr_carea' id='block_1_30' title="bbox 2000 1575 3587 1646">
    <p class='ocr_par' dir='ltr' id='par_1_30' title="bbox 2000 1575 3587 1646">
     <span class='ocr_line' id='line_1_30' title="bbox 2000 1575 3587 1646; baseline 0.002 -17"><span class='ocrx_word' id='word_1_206' title='bbox 2000 1576 2070 1629; x_wconf 88' lang='lat' dir='ltr'><strong>cti</strong></span> <span class='ocrx_word' id='word_1_207' title='bbox 2098 1576 2299 1630; x_wconf 81' lang='lat' dir='ltr'><strong>catenis</strong></span> <span class='ocrx_word' id='word_1_208' title='bbox 2344 1590 2406 1629; x_wconf 88' lang='lat' dir='ltr'><strong>ac</strong></span> <span class='ocrx_word' id='word_1_209' title='bbox 2461 1575 2615 1629; x_wconf 88' lang='lat' dir='ltr'><strong>nudis</strong></span> <span class='ocrx_word' id='word_1_210' title='bbox 2651 1577 2873 1645; x_wconf 85' lang='lat' dir='ltr'><strong>pedibus</strong></span> <span class='ocrx_word' id='word_1_211' title='bbox 2924 1589 3049 1632; x_wconf 88' lang='lat' dir='ltr'><strong>ante</strong></span> <span class='ocrx_word' id='word_1_212' title='bbox 3098 1579 3409 1646; x_wconf 79' lang='lat' dir='ltr'><strong>praefectum</strong></span> <span class='ocrx_word' id='word_1_213' title='bbox 3442 1580 3587 1632; x_wconf 84' lang='lat' dir='ltr'><strong>urbis</strong></span> 
     </span>
    </p>
   </div>
   <div class='ocr_carea' id='block_1_31' title="bbox 2001 1667 3587 1739">
    <p class='ocr_par' dir='ltr' id='par_1_31' title="bbox 2001 1667 3587 1739">
     <span class='ocr_line' id='line_1_31' title="bbox 2001 1667 3587 1739; baseline 0.002 -18"><span class='ocrx_word' id='word_1_214' title='bbox 2001 1667 2310 1721; x_wconf 89' lang='lat' dir='ltr'><strong>Laodicium</strong></span> <span class='ocrx_word' id='word_1_215' title='bbox 2353 1667 2488 1735; x_wconf 88' lang='lat' dir='ltr'><strong>jussi</strong></span> <span class='ocrx_word' id='word_1_216' title='bbox 2541 1679 2664 1721; x_wconf 91' lang='lat' dir='ltr'><strong>sunt</strong></span> <span class='ocrx_word' id='word_1_217' title='bbox 2704 1667 2756 1721; x_wconf 91' lang='lat' dir='ltr'><strong>in</strong></span> <span class='ocrx_word' id='word_1_218' title='bbox 2808 1669 3041 1739; x_wconf 89' lang='lat' dir='ltr'><strong>equuleo</strong></span> <span class='ocrx_word' id='word_1_219' title='bbox 3074 1670 3262 1734; x_wconf 88' lang='lat' dir='ltr'><strong>levari,</strong></span> <span class='ocrx_word' id='word_1_220' title='bbox 3294 1680 3347 1725; x_wconf 89' lang='lat' dir='ltr'><strong>ct</strong></span> <span class='ocrx_word' id='word_1_221' title='bbox 3388 1672 3587 1724; x_wconf 79' lang='lat' dir='ltr'><strong>attrahi</strong></span> 
     </span>
    </p>
   </div>
   <div class='ocr_carea' id='block_1_32' title="bbox 2000 1758 3586 1828">
    <p class='ocr_par' dir='ltr' id='par_1_32' title="bbox 2000 1758 3586 1828">
     <span class='ocr_line' id='line_1_32' title="bbox 2000 1758 3586 1828; baseline 0.001 -16"><span class='ocrx_word' id='word_1_222' title='bbox 2000 1758 2201 1819; x_wconf 85' lang='lat' dir='ltr'><strong>nervis,</strong></span> <span class='ocrx_word' id='word_1_223' title='bbox 2253 1768 2307 1813; x_wconf 90' lang='lat' dir='ltr'><strong>et</strong></span> <span class='ocrx_word' id='word_1_224' title='bbox 2352 1758 2581 1811; x_wconf 80' lang='lat' dir='ltr'><strong>fustibus</strong></span> <span class='ocrx_word' id='word_1_225' title='bbox 2648 1773 2710 1813; x_wconf 91' lang='lat' dir='ltr'><strong>ac</strong></span> <span class='ocrx_word' id='word_1_226' title='bbox 2755 1760 3131 1828; x_wconf 88' lang='lat' dir='ltr'><strong>scorpionibus</strong></span> <span class='ocrx_word' id='word_1_227' title='bbox 3180 1760 3335 1815; x_wconf 81' lang='lat' dir='ltr'><strong>caedi.</strong></span> <span class='ocrx_word' id='word_1_228' title='bbox 3381 1760 3586 1827; x_wconf 85' lang='lat' dir='ltr'><strong>Quibus</strong></span> 
     </span>
    </p>
   </div>
   <div class='ocr_carea' id='block_1_33' title="bbox 1999 1852 3582 1923">
    <p class='ocr_par' dir='ltr' id='par_1_33' title="bbox 1999 1852 3582 1923">
     <span class='ocr_line' id='line_1_33' title="bbox 1999 1852 3582 1923; baseline 0.001 -19"><span class='ocrx_word' id='word_1_229' title='bbox 1999 1852 2159 1904; x_wconf 89' lang='lat' dir='ltr'><strong>etiam</strong></span> <span class='ocrx_word' id='word_1_230' title='bbox 2193 1852 2532 1920; x_wconf 88' lang='lat' dir='ltr'><strong>postmodum</strong></span> <span class='ocrx_word' id='word_1_231' title='bbox 2583 1853 2829 1907; x_wconf 83' lang='lat' dir='ltr'><strong>ﬂammas</strong></span> <span class='ocrx_word' id='word_1_232' title='bbox 2882 1854 2947 1908; x_wconf 87' lang='lat' dir='ltr'><strong>ad</strong></span> <span class='ocrx_word' id='word_1_233' title='bbox 2980 1855 3146 1909; x_wconf 88' lang='lat' dir='ltr'><strong>latera</strong></span> <span class='ocrx_word' id='word_1_234' title='bbox 3172 1854 3334 1923; x_wconf 88' lang='lat' dir='ltr'><strong>jussit.</strong></span> <span class='ocrx_word' id='word_1_235' title='bbox 3365 1853 3582 1923; x_wconf 87' lang='lat' dir='ltr'><strong>apponi,</strong></span> 
     </span>
    </p>
   </div>
   <div class='ocr_carea' id='block_1_34' title="bbox 316 1941 3585 2014">
    <p class='ocr_par' dir='ltr' id='par_1_34' title="bbox 316 1941 3585 2014">
     <span class='ocr_line' id='line_1_34' title="bbox 316 1941 3585 2014; baseline -0 -11"><span class='ocrx_word' id='word_1_236' title='bbox 316 1949 477 2004; x_wconf 90' lang='lat' dir='ltr'><strong>domo</strong></span> <span class='ocrx_word' id='word_1_237' title='bbox 522 1963 619 2003; x_wconf 91' lang='lat' dir='ltr'><strong>sua</strong></span> <span class='ocrx_word' id='word_1_238' title='bbox 660 1945 1027 2001; x_wconf 86' lang='lat' dir='ltr'><strong>Diocletianus</strong></span> <span class='ocrx_word' id='word_1_239' title='bbox 1060 1943 1303 2013; x_wconf 87' lang='lat' dir='ltr'><strong>punitum</strong></span> <span class='ocrx_word' id='word_1_240' title='bbox 1334 1941 1552 1997; x_wconf 88' lang='lat' dir='ltr'><strong>Christo</strong></span> <span class='ocrx_word' id='word_1_241' title='bbox 1601 1952 1889 2011; x_wconf 86' lang='lat' dir='ltr'><strong>martyrem</strong></span> <span class='ocrx_word' id='word_1_242' title='bbox 1925 1944 1971 2004; x_wconf 89' lang='lat' dir='ltr'><strong>B</strong></span> <span class='ocrx_word' id='word_1_243' title='bbox 2000 1950 2052 1996; x_wconf 89' lang='lat' dir='ltr'><strong>et</strong></span> <span class='ocrx_word' id='word_1_244' title='bbox 2105 1942 2380 2011; x_wconf 89' lang='lat' dir='ltr'><strong>depositos</strong></span> <span class='ocrx_word' id='word_1_245' title='bbox 2420 1943 2487 1997; x_wconf 86' lang='lat' dir='ltr'><strong>de</strong></span> <span class='ocrx_word' id='word_1_246' title='bbox 2534 1946 2764 2013; x_wconf 91' lang='lat' dir='ltr'><strong>equuleo</strong></span> <span class='ocrx_word' id='word_1_247' title='bbox 2812 1947 2986 2014; x_wconf 86' lang='lat' dir='ltr'><strong>capite</strong></span> <span class='ocrx_word' id='word_1_248' title='bbox 3040 1949 3295 2001; x_wconf 89' lang='lat' dir='ltr'><strong>truncari.</strong></span> <span class='ocrx_word' id='word_1_249' title='bbox 3348 1948 3585 2012; x_wconf 90' lang='lat' dir='ltr'><strong>Quorum</strong></span> 
     </span>
    </p>
   </div>
   <div class='ocr_carea' id='block_1_35' title="bbox 318 2034 1892 2106">
    <p class='ocr_par' dir='ltr' id='par_1_35' title="bbox 318 2034 1892 2106">
     <span class='ocr_line' id='line_1_35' title="bbox 318 2034 1892 2106; baseline -0.006 -12"><span class='ocrx_word' id='word_1_250' title='bbox 318 2039 467 2094; x_wconf 79' lang='lat' dir='ltr'><strong>fecit.</strong></span> <span class='ocrx_word' id='word_1_251' title='bbox 521 2037 673 2106; x_wconf 81' lang='lat' dir='ltr'><strong>Apud</strong></span> <span class='ocrx_word' id='word_1_252' title='bbox 725 2034 960 2090; x_wconf 82' lang='lat' dir='ltr'><strong>Africam</strong></span> <span class='ocrx_word' id='word_1_253' title='bbox 1016 2036 1190 2090; x_wconf 90' lang='lat' dir='ltr'><strong>natale</strong></span> <span class='ocrx_word' id='word_1_254' title='bbox 1244 2044 1551 2087; x_wconf 89' lang='lat' dir='ltr'><strong>sanctorum</strong></span> <span class='ocrx_word' id='word_1_255' title='bbox 1596 2042 1892 2101; x_wconf 87' lang='lat' dir='ltr'><strong>martyrum</strong></span> 
     </span>
    </p>
   </div>
   <div class='ocr_carea' id='block_1_36' title="bbox 314 2122 1895 2200">
    <p class='ocr_par' dir='ltr' id='par_1_36' title="bbox 314 2122 1895 2200">
     <span class='ocr_line' id='line_1_36' title="bbox 314 2122 1895 2200; baseline -0.007 -14"><span class='ocrx_word' id='word_1_256' title='bbox 314 2130 463 2200; x_wconf 91' lang='lat' dir='ltr'><strong>Papii</strong></span> <span class='ocrx_word' id='word_1_257' title='bbox 495 2138 553 2185; x_wconf 90' lang='lat' dir='ltr'><strong>et</strong></span> <span class='ocrx_word' id='word_1_258' title='bbox 583 2128 839 2182; x_wconf 79' lang='lat' dir='ltr'><strong>Mansueti</strong></span> <span class='ocrx_word' id='word_1_259' title='bbox 867 2126 1267 2196; x_wconf 91' lang='lat' dir='ltr'><strong>episcoporum,</strong></span> <span class='ocrx_word' id='word_1_260' title='bbox 1288 2124 1379 2193; x_wconf 93' lang='lat' dir='ltr'><strong>qui</strong></span> <span class='ocrx_word' id='word_1_261' title='bbox 1409 2133 1651 2192; x_wconf 89' lang='lat' dir='ltr'><strong>tempore</strong></span> <span class='ocrx_word' id='word_1_262' title='bbox 1683 2122 1895 2176; x_wconf 78' lang='lat' dir='ltr'><strong>Vanda-</strong></span> 
     </span>
    </p>
   </div>
   <div class='ocr_carea' id='block_1_37' title="bbox 316 2213 1895 2290">
    <p class='ocr_par' dir='ltr' id='par_1_37' title="bbox 316 2213 1895 2290">
     <span class='ocr_line' id='line_1_37' title="bbox 316 2213 1895 2290; baseline -0.007 -15"><span class='ocrx_word' id='word_1_263' title='bbox 316 2221 434 2275; x_wconf 81' lang='lat' dir='ltr'><strong>licae</strong></span> <span class='ocrx_word' id='word_1_264' title='bbox 476 2219 867 2290; x_wconf 89' lang='lat' dir='ltr'><strong>persecutionis</strong></span> <span class='ocrx_word' id='word_1_265' title='bbox 912 2216 1011 2271; x_wconf 87' lang='lat' dir='ltr'><strong>sub</strong></span> <span class='ocrx_word' id='word_1_266' title='bbox 1062 2215 1357 2270; x_wconf 85' lang='lat' dir='ltr'><strong>Ccnserico</strong></span> <span class='ocrx_word' id='word_1_267' title='bbox 1386 2228 1511 2282; x_wconf 90' lang='lat' dir='ltr'><strong>rege</strong></span> <span class='ocrx_word' id='word_1_268' title='bbox 1544 2213 1769 2279; x_wconf 86' lang='lat' dir='ltr'><strong>Ariano,</strong></span> <span class='ocrx_word' id='word_1_269' title='bbox 1799 2226 1895 2283; x_wconf 91' lang='lat' dir='ltr'><strong>pro</strong></span> 
     </span>
    </p>
   </div>
   <div class='ocr_carea' id='block_1_38' title="bbox 319 2304 1897 2373">
    <p class='ocr_par' dir='ltr' id='par_1_38' title="bbox 319 2304 1897 2373">
     <span class='ocr_line' id='line_1_38' title="bbox 319 2304 1897 2373; baseline -0.008 -3"><span class='ocrx_word' id='word_1_270' title='bbox 319 2314 441 2370; x_wconf 85' lang='lat' dir='ltr'><strong>tidei</strong></span> <span class='ocrx_word' id='word_1_271' title='bbox 469 2312 743 2368; x_wconf 71' lang='lat' dir='ltr'><strong>catholica:</strong></span> <span class='ocrx_word' id='word_1_272' title='bbox 773 2308 1112 2373; x_wconf 80' lang='lat' dir='ltr'><strong>defensione,</strong></span> <span class='ocrx_word' id='word_1_273' title='bbox 1141 2306 1497 2363; x_wconf 88' lang='lat' dir='ltr'><strong>candentibus</strong></span> <span class='ocrx_word' id='word_1_274' title='bbox 1526 2304 1650 2360; x_wconf 80' lang='lat' dir='ltr'><strong>ferri</strong></span> <span class='ocrx_word' id='word_1_275' title='bbox 1681 2304 1897 2359; x_wconf 90' lang='lat' dir='ltr'><strong>laminis</strong></span> 
     </span>
    </p>
   </div>
   <div class='ocr_carea' id='block_1_39' title="bbox 317 2401 1895 2473">
    <p class='ocr_par' dir='ltr' id='par_1_39' title="bbox 317 2401 1895 2473">
     <span class='ocr_line' id='line_1_39' title="bbox 317 2401 1895 2473; baseline -0.008 -10"><span class='ocrx_word' id='word_1_276' title='bbox 317 2416 431 2463; x_wconf 90' lang='lat' dir='ltr'><strong>toto</strong></span> <span class='ocrx_word' id='word_1_277' title='bbox 460 2418 685 2473; x_wconf 90' lang='lat' dir='ltr'><strong>corpore</strong></span> <span class='ocrx_word' id='word_1_278' title='bbox 725 2402 920 2468; x_wconf 89' lang='lat' dir='ltr'><strong>adusti,</strong></span> <span class='ocrx_word' id='word_1_279' title='bbox 951 2401 1244 2470; x_wconf 86' lang='lat' dir='ltr'><strong>gloriosum</strong></span> <span class='ocrx_word' id='word_1_280' title='bbox 1291 2413 1519 2469; x_wconf 80' lang='lat' dir='ltr'><strong>agonem</strong></span> <span class='ocrx_word' id='word_1_281' title='bbox 1550 2412 1895 2452; x_wconf 77' lang='lat' dir='ltr'><strong>consumma-</strong></span> 
     </span>
    </p>
   </div>
   <div class='ocr_carea' id='block_1_40' title="bbox 326 2488 1894 2561">
    <p class='ocr_par' dir='ltr' id='par_1_40' title="bbox 326 2488 1894 2561">
     <span class='ocr_line' id='line_1_40' title="bbox 326 2488 1894 2561; baseline -0.008 -8"><span class='ocrx_word' id='word_1_282' title='bbox 326 2506 535 2553; x_wconf 79' lang='lat' dir='ltr'><strong>verunt.</strong></span> <span class='ocrx_word' id='word_1_283' title='bbox 568 2495 683 2561; x_wconf 89' lang='lat' dir='ltr'><strong>Quo</strong></span> <span class='ocrx_word' id='word_1_284' title='bbox 715 2496 765 2548; x_wconf 91' lang='lat' dir='ltr'><strong>in</strong></span> <span class='ocrx_word' id='word_1_285' title='bbox 822 2503 1063 2561; x_wconf 90' lang='lat' dir='ltr'><strong>tempore</strong></span> <span class='ocrx_word' id='word_1_286' title='bbox 1107 2491 1269 2546; x_wconf 87' lang='lat' dir='ltr'><strong>etiam</strong></span> <span class='ocrx_word' id='word_1_287' title='bbox 1300 2490 1389 2544; x_wconf 89' lang='lat' dir='ltr'><strong>alii</strong></span> <span class='ocrx_word' id='word_1_288' title='bbox 1435 2488 1607 2544; x_wconf 87' lang='lat' dir='ltr'><strong>sancti</strong></span> <span class='ocrx_word' id='word_1_289' title='bbox 1636 2489 1894 2558; x_wconf 89' lang='lat' dir='ltr'><strong>episcopi,</strong></span> 
     </span>
    </p>
   </div>
   <div class='ocr_carea' id='block_1_41' title="bbox 324 2582 1890 2657">
    <p class='ocr_par' dir='ltr' id='par_1_41' title="bbox 324 2582 1890 2657">
     <span class='ocr_line' id='line_1_41' title="bbox 324 2582 1890 2657; baseline -0.006 -11"><span class='ocrx_word' id='word_1_290' title='bbox 324 2588 375 2646; x_wconf 87' lang='lat' dir='ltr'><strong>id</strong></span> <span class='ocrx_word' id='word_1_291' title='bbox 405 2599 506 2654; x_wconf 91' lang='lat' dir='ltr'><strong>est,</strong></span> <span class='ocrx_word' id='word_1_292' title='bbox 540 2586 965 2655; x_wconf 86' lang='lat' dir='ltr'><strong>Quodvultdeus,</strong></span> <span class='ocrx_word' id='word_1_293' title='bbox 994 2584 1433 2657; x_wconf 85' lang='lat' dir='ltr'><strong>Carthaginensis</strong></span> <span class='ocrx_word' id='word_1_294' title='bbox 1460 2584 1751 2649; x_wconf 91' lang='lat' dir='ltr'><strong>Valeanus,</strong></span> <span class='ocrx_word' id='word_1_295' title='bbox 1786 2582 1890 2637; x_wconf 90' lang='lat' dir='ltr'><strong>Ur-</strong></span> 
     </span>
    </p>
   </div>
   <div class='ocr_carea' id='block_1_42' title="bbox 319 2674 1895 2748">
    <p class='ocr_par' dir='ltr' id='par_1_42' title="bbox 319 2674 1895 2748">
     <span class='ocr_line' id='line_1_42' title="bbox 319 2674 1895 2748; baseline -0.008 -10"><span class='ocrx_word' id='word_1_296' title='bbox 319 2678 511 2748; x_wconf 87' lang='lat' dir='ltr'><strong>banus,</strong></span> <span class='ocrx_word' id='word_1_297' title='bbox 543 2680 824 2746; x_wconf 82' lang='lat' dir='ltr'><strong>Crescens,</strong></span> <span class='ocrx_word' id='word_1_298' title='bbox 848 2686 903 2732; x_wconf 91' lang='lat' dir='ltr'><strong>et</strong></span> <span class='ocrx_word' id='word_1_299' title='bbox 929 2679 1020 2748; x_wconf 91' lang='lat' dir='ltr'><strong>qui</strong></span> <span class='ocrx_word' id='word_1_300' title='bbox 1061 2685 1282 2732; x_wconf 90' lang='lat' dir='ltr'><strong>vocatur</strong></span> <span class='ocrx_word' id='word_1_301' title='bbox 1321 2675 1674 2739; x_wconf 82' lang='lat' dir='ltr'><strong>ilabetdeum,</strong></span> <span class='ocrx_word' id='word_1_302' title='bbox 1707 2682 1763 2728; x_wconf 89' lang='lat' dir='ltr'><strong>et.</strong></span> <span class='ocrx_word' id='word_1_303' title='bbox 1786 2674 1895 2727; x_wconf 65' lang='lat' dir='ltr'><strong>Eu«</strong></span> 
     </span>
    </p>
   </div>
   <div class='ocr_carea' id='block_1_43' title="bbox 1998 2035 3587 2107">
    <p class='ocr_par' dir='ltr' id='par_1_43' title="bbox 1998 2035 3587 2107">
     <span class='ocr_line' id='line_1_43' title="bbox 1998 2035 3587 2107; baseline 0.001 -19"><span class='ocrx_word' id='word_1_304' title='bbox 1998 2048 2228 2103; x_wconf 91' lang='lat' dir='ltr'><strong>corpora</strong></span> <span class='ocrx_word' id='word_1_305' title='bbox 2276 2035 2535 2103; x_wconf 86' lang='lat' dir='ltr'><strong>colligens</strong></span> <span class='ocrx_word' id='word_1_306' title='bbox 2583 2035 2789 2089; x_wconf 82' lang='lat' dir='ltr'><strong>&#39;l‘rason</strong></span> <span class='ocrx_word' id='word_1_307' title='bbox 2842 2050 2961 2090; x_wconf 91' lang='lat' dir='ltr'><strong>cum</strong></span> <span class='ocrx_word' id='word_1_308' title='bbox 3012 2036 3222 2092; x_wconf 83' lang='lat' dir='ltr'><strong>Joanne</strong></span> <span class='ocrx_word' id='word_1_309' title='bbox 3271 2039 3587 2107; x_wconf 85' lang='lat' dir='ltr'><strong>presbytero</strong></span> 
     </span>
    </p>
   </div>
   <div class='ocr_carea' id='block_1_44' title="bbox 1998 2125 3584 2198">
    <p class='ocr_par' dir='ltr' id='par_1_44' title="bbox 1998 2125 3584 2198">
     <span class='ocr_line' id='line_1_44' title="bbox 1998 2125 3584 2198; baseline 0.002 -20"><span class='ocrx_word' id='word_1_310' title='bbox 1998 2125 2246 2192; x_wconf 86' lang='lat' dir='ltr'><strong>sepelivit</strong></span> <span class='ocrx_word' id='word_1_311' title='bbox 2278 2126 2328 2179; x_wconf 93' lang='lat' dir='ltr'><strong>in</strong></span> <span class='ocrx_word' id='word_1_312' title='bbox 2362 2126 2562 2195; x_wconf 81' lang='lat' dir='ltr'><strong>praedio</strong></span> <span class='ocrx_word' id='word_1_313' title='bbox 2601 2141 2698 2182; x_wconf 93' lang='lat' dir='ltr'><strong>suo</strong></span> <span class='ocrx_word' id='word_1_314' title='bbox 2730 2128 2810 2181; x_wconf 83' lang='lat' dir='ltr'><strong>via</strong></span> <span class='ocrx_word' id='word_1_315' title='bbox 2854 2128 3079 2183; x_wconf 82' lang='lat' dir='ltr'><strong>Salaria.</strong></span> <span class='ocrx_word' id='word_1_316' title='bbox 3111 2128 3267 2198; x_wconf 85' lang='lat' dir='ltr'><strong>Apud</strong></span> <span class='ocrx_word' id='word_1_317' title='bbox 3295 2128 3584 2182; x_wconf 86' lang='lat' dir='ltr'><strong>Tholosam</strong></span> 
     </span>
    </p>
   </div>
   <div class='ocr_carea' id='block_1_45' title="bbox 2001 2214 3589 2287">
    <p class='ocr_par' dir='ltr' id='par_1_45' title="bbox 2001 2214 3589 2287">
     <span class='ocr_line' id='line_1_45' title="bbox 2001 2214 3589 2287; baseline 0.004 -20"><span class='ocrx_word' id='word_1_318' title='bbox 2001 2214 2177 2269; x_wconf 88' lang='lat' dir='ltr'><strong>natale</strong></span> <span class='ocrx_word' id='word_1_319' title='bbox 2228 2216 2396 2269; x_wconf 89' lang='lat' dir='ltr'><strong>sancti</strong></span> <span class='ocrx_word' id='word_1_320' title='bbox 2447 2216 2721 2271; x_wconf 89' lang='lat' dir='ltr'><strong>Saturnini</strong></span> <span class='ocrx_word' id='word_1_321' title='bbox 2778 2217 3057 2287; x_wconf 84' lang='lat' dir='ltr'><strong>episcopi,</strong></span> <span class='ocrx_word' id='word_1_322' title='bbox 3111 2220 3199 2285; x_wconf 91' lang='lat' dir='ltr'><strong>qui</strong></span> <span class='ocrx_word' id='word_1_323' title='bbox 3253 2220 3589 2287; x_wconf 87' lang='lat' dir='ltr'><strong>temporibus</strong></span> 
     </span>
    </p>
   </div>
   <div class='ocr_carea' id='block_1_46' title="bbox 2001 2306 3577 2379">
    <p class='ocr_par' dir='ltr' id='par_1_46' title="bbox 2001 2306 3577 2379">
     <span class='ocr_line' id='line_1_46' title="bbox 2001 2306 3577 2379; baseline 0.002 -18"><span class='ocrx_word' id='word_1_324' title='bbox 2001 2306 2143 2362; x_wconf 91' lang='lat' dir='ltr'><strong>Decii</strong></span> <span class='ocrx_word' id='word_1_325' title='bbox 2187 2308 2239 2361; x_wconf 94' lang='lat' dir='ltr'><strong>in</strong></span> <span class='ocrx_word' id='word_1_326' title='bbox 2282 2306 2542 2376; x_wconf 90' lang='lat' dir='ltr'><strong>Capitolio</strong></span> <span class='ocrx_word' id='word_1_327' title='bbox 2587 2308 2828 2378; x_wconf 84' lang='lat' dir='ltr'><strong>ejusdem</strong></span> <span class='ocrx_word' id='word_1_328' title='bbox 2870 2309 3018 2363; x_wconf 87' lang='lat' dir='ltr'><strong>urbis</strong></span> <span class='ocrx_word' id='word_1_329' title='bbox 3050 2317 3229 2365; x_wconf 88' lang='lat' dir='ltr'><strong>tentus</strong></span> <span class='ocrx_word' id='word_1_330' title='bbox 3278 2325 3306 2363; x_wconf 91' lang='lat' dir='ltr'><strong>a</strong></span> <span class='ocrx_word' id='word_1_331' title='bbox 3337 2311 3577 2379; x_wconf 83' lang='lat' dir='ltr'><strong>paganis,</strong></span> 
     </span>
    </p>
   </div>
   <div class='ocr_carea' id='block_1_47' title="bbox 2001 2397 3589 2467">
    <p class='ocr_par' dir='ltr' id='par_1_47' title="bbox 2001 2397 3589 2467">
     <span class='ocr_line' id='line_1_47' title="bbox 2001 2397 3589 2467; baseline 0.002 -15"><span class='ocrx_word' id='word_1_332' title='bbox 2001 2412 2066 2452; x_wconf 91' lang='lat' dir='ltr'><strong>eo</strong></span> <span class='ocrx_word' id='word_1_333' title='bbox 2094 2397 2234 2467; x_wconf 89' lang='lat' dir='ltr'><strong>quod</strong></span> <span class='ocrx_word' id='word_1_334' title='bbox 2263 2397 2329 2451; x_wconf 90' lang='lat' dir='ltr'><strong>ad</strong></span> <span class='ocrx_word' id='word_1_335' title='bbox 2362 2401 2479 2465; x_wconf 70' lang='lat' dir='ltr'><strong>ejus</strong></span> <span class='ocrx_word' id='word_1_336' title='bbox 2512 2398 2855 2467; x_wconf 85' lang='lat' dir='ltr'><strong>praesentiam</strong></span> <span class='ocrx_word' id='word_1_337' title='bbox 2885 2415 3073 2454; x_wconf 88' lang='lat' dir='ltr'><strong>omnes</strong></span> <span class='ocrx_word' id='word_1_338' title='bbox 3102 2399 3174 2453; x_wconf 91' lang='lat' dir='ltr'><strong>dii</strong></span> <span class='ocrx_word' id='word_1_339' title='bbox 3204 2400 3439 2467; x_wconf 91' lang='lat' dir='ltr'><strong>ipsorum</strong></span> <span class='ocrx_word' id='word_1_340' title='bbox 3486 2401 3589 2455; x_wconf 90' lang='lat' dir='ltr'><strong>ob-</strong></span> 
     </span>
    </p>
   </div>
   <div class='ocr_carea' id='block_1_48' title="bbox 2000 2486 3589 2560">
    <p class='ocr_par' dir='ltr' id='par_1_48' title="bbox 2000 2486 3589 2560">
     <span class='ocr_line' id='line_1_48' title="bbox 2000 2486 3589 2560; baseline 0.002 -18"><span class='ocrx_word' id='word_1_341' title='bbox 2000 2486 2297 2554; x_wconf 82' lang='lat' dir='ltr'><strong>mutel&#39;acti,</strong></span> <span class='ocrx_word' id='word_1_342' title='bbox 2341 2488 2546 2543; x_wconf 91' lang='lat' dir='ltr'><strong>nullum</strong></span> <span class='ocrx_word' id='word_1_343' title='bbox 2598 2489 3028 2544; x_wconf 83' lang='lat' dir='ltr'><strong>sacriﬁcantibus</strong></span> <span class='ocrx_word' id='word_1_344' title='bbox 3056 2498 3281 2560; x_wconf 86' lang='lat' dir='ltr'><strong>possent</strong></span> <span class='ocrx_word' id='word_1_345' title='bbox 3322 2492 3453 2545; x_wconf 88' lang='lat' dir='ltr'><strong>dare</strong></span> <span class='ocrx_word' id='word_1_346' title='bbox 3500 2506 3589 2545; x_wconf 88' lang='lat' dir='ltr'><strong>re-</strong></span> 
     </span>
    </p>
   </div>
   <div class='ocr_carea' id='block_1_49' title="bbox 2002 2580 3591 2651">
    <p class='ocr_par' dir='ltr' id='par_1_49' title="bbox 2002 2580 3591 2651">
     <span class='ocr_line' id='line_1_49' title="bbox 2002 2580 3591 2651; baseline 0.001 -16"><span class='ocrx_word' id='word_1_347' title='bbox 2002 2595 2281 2648; x_wconf 91' lang='lat' dir='ltr'><strong>sponsum,</strong></span> <span class='ocrx_word' id='word_1_348' title='bbox 2329 2588 2484 2635; x_wconf 88' lang='lat' dir='ltr'><strong>tauro</strong></span> <span class='ocrx_word' id='word_1_349' title='bbox 2515 2580 2580 2634; x_wconf 86' lang='lat' dir='ltr'><strong>ad</strong></span> <span class='ocrx_word' id='word_1_350' title='bbox 2613 2581 2886 2635; x_wconf 90' lang='lat' dir='ltr'><strong>victimam</strong></span> <span class='ocrx_word' id='word_1_351' title='bbox 2931 2592 3231 2651; x_wconf 72' lang='lat' dir='ltr'><strong>praeparato</strong></span> <span class='ocrx_word' id='word_1_352' title='bbox 3257 2582 3471 2636; x_wconf 82' lang='lat' dir='ltr'><strong>funibus</strong></span> <span class='ocrx_word' id='word_1_353' title='bbox 3511 2598 3591 2636; x_wconf 86' lang='lat' dir='ltr'><strong>re-</strong></span> 
     </span>
    </p>
   </div>
   <div class='ocr_carea' id='block_1_50' title="bbox 2002 2670 3589 2742">
    <p class='ocr_par' dir='ltr' id='par_1_50' title="bbox 2002 2670 3589 2742">
     <span class='ocr_line' id='line_1_50' title="bbox 2002 2670 3589 2742; baseline 0.001 -17"><span class='ocrx_word' id='word_1_354' title='bbox 2002 2670 2197 2741; x_wconf 87' lang='lat' dir='ltr'><strong>ligatus</strong></span> <span class='ocrx_word' id='word_1_355' title='bbox 2254 2679 2355 2725; x_wconf 89' lang='lat' dir='ltr'><strong>est.</strong></span> <span class='ocrx_word' id='word_1_356' title='bbox 2388 2672 2506 2738; x_wconf 91' lang='lat' dir='ltr'><strong>Quo</strong></span> <span class='ocrx_word' id='word_1_357' title='bbox 2547 2672 2919 2729; x_wconf 78' lang='lat' dir='ltr'><strong>vehementius</strong></span> <span class='ocrx_word' id='word_1_358' title='bbox 2965 2674 3261 2742; x_wconf 86' lang='lat' dir='ltr'><strong>stimulato,</strong></span> <span class='ocrx_word' id='word_1_359' title='bbox 3308 2690 3337 2727; x_wconf 92' lang='lat' dir='ltr'><strong>a</strong></span> <span class='ocrx_word' id='word_1_360' title='bbox 3382 2689 3589 2728; x_wconf 92' lang='lat' dir='ltr'><strong>summa</strong></span> 
     </span>
    </p>
   </div>
   <div class='ocr_carea' id='block_1_51' title="bbox 1571 2763 2341 2822">
    <p class='ocr_par' dir='ltr' id='par_1_51' title="bbox 1571 2763 2341 2822">
     <span class='ocr_line' id='line_1_51' title="bbox 1571 2763 2341 2822; baseline -0.001 -3"><span class='ocrx_word' id='word_1_361' title='bbox 1571 2766 1798 2819; x_wconf 78' lang='lat' dir='ltr'><strong>EDITIO</strong></span> <span class='ocrx_word' id='word_1_362' title='bbox 1840 2763 2341 2822; x_wconf 77' lang='lat' dir='ltr'><strong>BOLLANDIANA.</strong></span> 
     </span>
    </p>
   </div>
   <div class='ocr_carea' id='block_1_52' title="bbox 392 2856 1889 2941">
    <p class='ocr_par' dir='ltr' id='par_1_52' title="bbox 392 2856 1889 2941">
     <span class='ocr_line' id='line_1_52' title="bbox 392 2856 1889 2941; baseline -0.005 -23"><span class='ocrx_word' id='word_1_363' title='bbox 392 2859 485 2927; x_wconf 89' lang='lat' dir='ltr'><strong>D.,</strong></span> <span class='ocrx_word' id='word_1_364' title='bbox 598 2858 878 2915; x_wconf 90' lang='lat' dir='ltr'><strong>Sosthenis</strong></span> <span class='ocrx_word' id='word_1_365' title='bbox 918 2857 1172 2941; x_wconf 69' lang='lat' dir='ltr'><strong>discipuli</strong></span> <span class='ocrx_word' id='word_1_366' title='bbox 1215 2857 1604 2941; x_wconf 66' lang='lat' dir='ltr'><strong>apostolorum.</strong></span> <span class='ocrx_word' id='word_1_367' title='bbox 1657 2856 1723 2910; x_wconf 81' lang='lat' dir='ltr'><strong>Et</strong></span> <span class='ocrx_word' id='word_1_368' title='bbox 1772 2857 1889 2910; x_wconf 70' lang='lat' dir='ltr'><strong>[inii</strong></span> 
     </span>
    </p>
   </div>
   <div class='ocr_carea' id='block_1_53' title="bbox 323 2927 1890 3067">
    <p class='ocr_par' dir='ltr' id='par_1_53' title="bbox 323 2927 1890 3067">
     <span class='ocr_line' id='line_1_53' title="bbox 323 2927 1890 3003; baseline -0.006 -15"><span class='ocrx_word' id='word_1_369' title='bbox 323 2933 605 3003; x_wconf 88' lang='lat' dir='ltr'><strong>martyris,</strong></span> <span class='ocrx_word' id='word_1_370' title='bbox 636 2945 756 2984; x_wconf 88' lang='lat' dir='ltr'><strong>cum</strong></span> <span class='ocrx_word' id='word_1_371' title='bbox 788 2928 932 2983; x_wconf 89' lang='lat' dir='ltr'><strong>omni</strong></span> <span class='ocrx_word' id='word_1_372' title='bbox 969 2928 1129 2982; x_wconf 90' lang='lat' dir='ltr'><strong>domo</strong></span> <span class='ocrx_word' id='word_1_373' title='bbox 1155 2944 1248 2981; x_wconf 90' lang='lat' dir='ltr'><strong>sua</strong></span> <span class='ocrx_word' id='word_1_374' title='bbox 1282 2943 1376 2995; x_wconf 90' lang='lat' dir='ltr'><strong>per</strong></span> <span class='ocrx_word' id='word_1_375' title='bbox 1423 2930 1451 2969; x_wconf 69' lang='grc' dir='ltr'>δ</span> <span class='ocrx_word' id='word_1_376' title='bbox 1485 2927 1890 2995; x_wconf 75' lang='lat' dir='ltr'><strong>Chrysogonum</strong></span> 
     </span>
     <span class='ocr_line' id='line_1_54' title="bbox 324 2997 1890 3067; baseline -0.006 -9"><span class='ocrx_word' id='word_1_377' title='bbox 324 3004 533 3059; x_wconf 88' lang='lat' dir='ltr'><strong>lucrati.</strong></span> <span class='ocrx_word' id='word_1_378' title='bbox 576 3002 750 3055; x_wconf 84' lang='lat' dir='ltr'><strong>Al&#39;rica</strong></span> <span class='ocrx_word' id='word_1_379' title='bbox 800 3008 821 3036; x_wconf 73' lang='grc' dir='ltr'>θ</span> <span class='ocrx_word' id='word_1_380' title='bbox 861 2998 1055 3067; x_wconf 87' lang='lat' dir='ltr'><strong>Papirii</strong></span> <span class='ocrx_word' id='word_1_381' title='bbox 1105 3009 1158 3052; x_wconf 89' lang='lat' dir='ltr'><strong>et</strong></span> <span class='ocrx_word' id='word_1_382' title='bbox 1200 2997 1457 3051; x_wconf 83' lang='lat' dir='ltr'><strong>Mansueti</strong></span> <span class='ocrx_word' id='word_1_383' title='bbox 1497 3000 1890 3067; x_wconf 86' lang='lat' dir='ltr'><strong>episcoporum.</strong></span> 
     </span>
    </p>
   </div>
   <div class='ocr_carea' id='block_1_54' title="bbox 324 3066 1895 3140">
    <p class='ocr_par' dir='ltr' id='par_1_54' title="bbox 324 3066 1895 3140">
     <span class='ocr_line' id='line_1_55' title="bbox 324 3066 1895 3140; baseline -0.006 -11"><span class='ocrx_word' id='word_1_384' title='bbox 324 3075 385 3129; x_wconf 82' lang='grc' dir='ltr'><strong>Β.</strong></span> <span class='ocrx_word' id='word_1_385' title='bbox 416 3073 477 3128; x_wconf 89' lang='lat' dir='ltr'><strong>C.</strong></span> <span class='ocrx_word' id='word_1_386' title='bbox 512 3073 596 3138; x_wconf 88' lang='lat' dir='ltr'><strong>V.,</strong></span> <span class='ocrx_word' id='word_1_387' title='bbox 630 3072 681 3124; x_wconf 90' lang='lat' dir='ltr'><strong>In</strong></span> <span class='ocrx_word' id='word_1_388' title='bbox 713 3070 864 3140; x_wconf 86' lang='lat' dir='ltr'><strong>Syria</strong></span> <span class='ocrx_word' id='word_1_389' title='bbox 896 3066 1192 3140; x_wconf 42' lang='lat' dir='ltr'><strong>&#39;l‘rophimg</strong></span> <span class='ocrx_word' id='word_1_390' title='bbox 1228 3068 1507 3140; x_wconf 70' lang='lat' dir='ltr'><strong>Theodoii,</strong></span> <span class='ocrx_word' id='word_1_391' title='bbox 1539 3066 1773 3140; x_wconf 72' lang='lat' dir='ltr'><strong>Ettcerii.</strong></span> <span class='ocrx_word' id='word_1_392' title='bbox 1826 3066 1895 3140; x_wconf 64' lang='lat' dir='ltr'><strong>Et</strong></span> 
     </span>
    </p>
   </div>
   <div class='ocr_carea' id='block_1_55' title="bbox 319 3135 1893 3215">
    <p class='ocr_par' dir='ltr' id='par_1_55' title="bbox 319 3135 1893 3215">
     <span class='ocr_line' id='line_1_56' title="bbox 319 3135 1893 3215; baseline -0.004 -18"><span class='ocrx_word' id='word_1_393' title='bbox 319 3146 446 3215; x_wconf 86' lang='lat' dir='ltr'><strong>alibi</strong></span> <span class='ocrx_word' id='word_1_394' title='bbox 478 3135 670 3215; x_wconf 57' lang='grc' dir='ltr'><strong>[Βςοἶ</strong></span> <span class='ocrx_word' id='word_1_395' title='bbox 716 3135 831 3215; x_wconf 51' lang='grc' dir='ltr'><strong>οἱῃι.Δ</strong></span> <span class='ocrx_word' id='word_1_396' title='bbox 859 3146 921 3215; x_wconf 77' lang='lat' dir='ltr'><strong>et</strong></span> <span class='ocrx_word' id='word_1_397' title='bbox 958 3135 1123 3215; x_wconf 23' lang='lat' dir='ltr'><strong>alibi]‘</strong></span> <span class='ocrx_word' id='word_1_398' title='bbox 1153 3137 1388 3215; x_wconf 58' lang='lat' dir='ltr'><strong>Eusebii,</strong></span> <span class='ocrx_word' id='word_1_399' title='bbox 1428 3136 1692 3215; x_wconf 81' lang='lat' dir='ltr'><strong>Julii._A.__</strong></span> <span class='ocrx_word' id='word_1_400' title='bbox 1719 3135 1810 3215; x_wconf 62' lang='grc' dir='ltr'><strong>1,..Δ</strong></span> <span class='ocrx_word' id='word_1_401' title='bbox 1838 3137 1893 3215; x_wconf 86' lang='lat' dir='ltr'><strong>_l_n</strong></span> 
     </span>
    </p>
   </div>
   <div class='ocr_carea' id='block_1_56' title="bbox 320 3206 1891 3284">
    <p class='ocr_par' dir='ltr' id='par_1_56' title="bbox 320 3206 1891 3284">
     <span class='ocr_line' id='line_1_57' title="bbox 320 3206 1891 3284; baseline -0.005 -16"><span class='ocrx_word' id='word_1_402' title='bbox 320 3206 498 3284; x_wconf 60' lang='lat' dir='ltr'><strong>Syria:</strong></span> <span class='ocrx_word' id='word_1_403' title='bbox 529 3214 613 3284; x_wconf 86' lang='lat' dir='ltr'><strong>T._,</strong></span> <span class='ocrx_word' id='word_1_404' title='bbox 657 3212 745 3284; x_wconf 62' lang='grc' dir='ltr'><strong>1η-</strong></span> <span class='ocrx_word' id='word_1_405' title='bbox 762 3208 939 3284; x_wconf 59' lang='grc' dir='ltr'><strong>Δίςὶω</strong></span> <span class='ocrx_word' id='word_1_406' title='bbox 975 3206 1161 3284; x_wconf 74' lang='lat' dir='ltr'><strong>natale</strong></span> <span class='ocrx_word' id='word_1_407' title='bbox 1189 3206 1286 3261; x_wconf 90' lang='lat' dir='ltr'><strong>SS.</strong></span> <span class='ocrx_word' id='word_1_408' title='bbox 1320 3207 1619 3276; x_wconf 85' lang='lat' dir='ltr'><strong>TrOphimi,</strong></span> <span class='ocrx_word' id='word_1_409' title='bbox 1654 3207 1891 3274; x_wconf 87' lang='lat' dir='ltr'><strong>Eusebii,</strong></span> 
     </span>
    </p>
   </div>
   <div class='ocr_carea' id='block_1_57' title="bbox 317 3276 1409 3347">
    <p class='ocr_par' dir='ltr' id='par_1_57' title="bbox 317 3276 1409 3347">
     <span class='ocr_line' id='line_1_58' title="bbox 317 3276 1409 3347; baseline -0.01 -6"><span class='ocrx_word' id='word_1_410' title='bbox 317 3276 464 3341; x_wconf 77' lang='lat' dir='ltr'><strong>Julii.</strong></span> <span class='ocrx_word' id='word_1_411' title='bbox 497 3284 558 3337; x_wconf 88' lang='grc' dir='ltr'><strong>Τ.</strong></span> <span class='ocrx_word' id='word_1_412' title='bbox 590 3282 679 3347; x_wconf 86' lang='lat' dir='ltr'><strong>L.,</strong></span> <span class='ocrx_word' id='word_1_413' title='bbox 710 3282 776 3333; x_wconf 89' lang='lat' dir='ltr'><strong>Et</strong></span> <span class='ocrx_word' id='word_1_414' title='bbox 804 3276 1061 3333; x_wconf 88' lang='lat' dir='ltr'><strong>Theodoli</strong></span> <span class='ocrx_word' id='word_1_415' title='bbox 1096 3289 1409 3346; x_wconf 84' lang='lat' dir='ltr'><strong>martyrum.</strong></span> 
     </span>
    </p>
   </div>
   <div class='ocr_carea' id='block_1_58' title="bbox 391 3368 1903 3439">
    <p class='ocr_par' dir='ltr' id='par_1_58' title="bbox 391 3368 1903 3439">
     <span class='ocr_line' id='line_1_59' title="bbox 391 3368 1903 3439; baseline -0.001 -15"><span class='ocrx_word' id='word_1_416' title='bbox 391 3372 483 3427; x_wconf 73' lang='lat'><strong>‘29.</strong></span> <span class='ocrx_word' id='word_1_417' title='bbox 514 3401 583 3412; x_wconf 89' lang='lat'><strong>-—</strong></span> <span class='ocrx_word' id='word_1_418' title='bbox 628 3371 693 3424; x_wconf 92' lang='lat' dir='ltr'><strong>Ill</strong></span> <span class='ocrx_word' id='word_1_419' title='bbox 736 3370 869 3423; x_wconf 70' lang='grc' dir='ltr'><strong>ΚΑΙ..</strong></span> <span class='ocrx_word' id='word_1_420' title='bbox 903 3368 1087 3423; x_wconf 64' lang='lat' dir='ltr'><strong>Romae</strong></span> <span class='ocrx_word' id='word_1_421' title='bbox 1118 3369 1176 3423; x_wconf 89' lang='lat' dir='ltr'><strong>S.</strong></span> <span class='ocrx_word' id='word_1_422' title='bbox 1220 3368 1492 3423; x_wconf 85' lang='lat' dir='ltr'><strong>Saturnini</strong></span> <span class='ocrx_word' id='word_1_423' title='bbox 1553 3369 1802 3439; x_wconf 83' lang='lat' dir='ltr'><strong>martyris</strong></span> <span class='ocrx_word' id='word_1_424' title='bbox 1848 3378 1903 3423; x_wconf 93' lang='lat' dir='ltr'><strong>et</strong></span> 
     </span>
    </p>
   </div>
   <div class='ocr_carea' id='block_1_59' title="bbox 324 3456 1901 3528">
    <p class='ocr_par' dir='ltr' id='par_1_59' title="bbox 324 3456 1901 3528">
     <span class='ocr_line' id='line_1_60' title="bbox 324 3456 1901 3528; baseline -0.004 -9"><span class='ocrx_word' id='word_1_425' title='bbox 324 3462 351 3505; x_wconf 69' lang='grc' dir='ltr'>ἆ</span> <span class='ocrx_word' id='word_1_426' title='bbox 373 3464 565 3519; x_wconf 74' lang='lat' dir='ltr'><strong>Setinis</strong></span> <span class='ocrx_word' id='word_1_427' title='bbox 607 3473 661 3516; x_wconf 89' lang='lat' dir='ltr'><strong>et</strong></span> <span class='ocrx_word' id='word_1_428' title='bbox 690 3460 910 3515; x_wconf 84' lang='lat' dir='ltr'><strong>Sisinnii</strong></span> <span class='ocrx_word' id='word_1_429' title='bbox 950 3458 1154 3513; x_wconf 87' lang='lat' dir='ltr'><strong>diaconi</strong></span> <span class='ocrx_word' id='word_1_430' title='bbox 1185 3457 1285 3512; x_wconf 89' lang='lat' dir='ltr'><strong>sub</strong></span> <span class='ocrx_word' id='word_1_431' title='bbox 1314 3457 1635 3521; x_wconf 67' lang='lat' dir='ltr'><strong>Maximiano</strong></span> <span class='ocrx_word' id='word_1_432' title='bbox 1662 3474 1674 3510; x_wconf 86' lang='lat'><strong>:</strong></span> <span class='ocrx_word' id='word_1_433' title='bbox 1712 3456 1762 3528; x_wconf 87' lang='lat' dir='ltr'><strong>[a</strong></span> <span class='ocrx_word' id='word_1_434' title='bbox 1797 3474 1901 3527; x_wconf 91' lang='lat' dir='ltr'><strong>quo</strong></span> 
     </span>
    </p>
   </div>
   <div class='ocr_carea' id='block_1_60' title="bbox 324 3550 1902 3626">
    <p class='ocr_par' dir='ltr' id='par_1_60' title="bbox 324 3550 1902 3626">
     <span class='ocr_line' id='line_1_61' title="bbox 324 3550 1902 3626; baseline -0.004 -16"><span class='ocrx_word' id='word_1_435' title='bbox 324 3558 497 3626; x_wconf 90' lang='lat' dir='ltr'><strong>primo</strong></span> <span class='ocrx_word' id='word_1_436' title='bbox 528 3555 668 3608; x_wconf 87' lang='lat' dir='ltr'><strong>inter</strong></span> <span class='ocrx_word' id='word_1_437' title='bbox 694 3554 829 3607; x_wconf 90' lang='lat' dir='ltr'><strong>alios</strong></span> <span class='ocrx_word' id='word_1_438' title='bbox 872 3551 1111 3607; x_wconf 90' lang='lat' dir='ltr'><strong>damnati</strong></span> <span class='ocrx_word' id='word_1_439' title='bbox 1143 3551 1207 3605; x_wconf 91' lang='lat' dir='ltr'><strong>ad</strong></span> <span class='ocrx_word' id='word_1_440' title='bbox 1240 3550 1542 3605; x_wconf 78' lang='lat' dir='ltr'><strong>l‘odiendam</strong></span> <span class='ocrx_word' id='word_1_441' title='bbox 1585 3566 1799 3604; x_wconf 84' lang='lat' dir='ltr'><strong>arenam</strong></span> <span class='ocrx_word' id='word_1_442' title='bbox 1832 3551 1902 3604; x_wconf 88' lang='lat' dir='ltr'><strong>ad</strong></span> 
     </span>
    </p>
   </div>
   <div class='ocr_carea' id='block_1_61' title="bbox 322 3642 1900 3711">
    <p class='ocr_par' dir='ltr' id='par_1_61' title="bbox 322 3642 1900 3711">
     <span class='ocr_line' id='line_1_62' title="bbox 322 3642 1900 3711; baseline -0.004 -8"><span class='ocrx_word' id='word_1_443' title='bbox 322 3649 589 3704; x_wconf 81' lang='lat' dir='ltr'><strong>iaciendas</strong></span> <span class='ocrx_word' id='word_1_444' title='bbox 635 3646 874 3702; x_wconf 89' lang='lat' dir='ltr'><strong>thermas</strong></span> <span class='ocrx_word' id='word_1_445' title='bbox 927 3645 1305 3711; x_wconf 87' lang='lat' dir='ltr'><strong>Diocletianas,</strong></span> <span class='ocrx_word' id='word_1_446' title='bbox 1356 3642 1552 3698; x_wconf 89' lang='lat' dir='ltr'><strong>deinde</strong></span> <span class='ocrx_word' id='word_1_447' title='bbox 1592 3645 1642 3697; x_wconf 90' lang='lat' dir='ltr'><strong>in</strong></span> <span class='ocrx_word' id='word_1_448' title='bbox 1685 3657 1900 3698; x_wconf 88' lang='lat' dir='ltr'><strong>carcere</strong></span> 
     </span>
    </p>
   </div>
   <div class='ocr_carea' id='block_1_62' title="bbox 320 3733 1901 3805">
    <p class='ocr_par' dir='ltr' id='par_1_62' title="bbox 320 3733 1901 3805">
     <span class='ocr_line' id='line_1_63' title="bbox 320 3733 1901 3805; baseline -0.006 -9"><span class='ocrx_word' id='word_1_449' title='bbox 320 3743 409 3797; x_wconf 90' lang='lat' dir='ltr'><strong>diu</strong></span> <span class='ocrx_word' id='word_1_450' title='bbox 440 3750 563 3795; x_wconf 90' lang='lat' dir='ltr'><strong>sunt</strong></span> <span class='ocrx_word' id='word_1_451' title='bbox 593 3738 869 3794; x_wconf 89' lang='lat' dir='ltr'><strong>macerati.</strong></span> <span class='ocrx_word' id='word_1_452' title='bbox 899 3736 997 3792; x_wconf 91' lang='lat' dir='ltr'><strong>Ubi</strong></span> <span class='ocrx_word' id='word_1_453' title='bbox 1042 3736 1236 3790; x_wconf 91' lang='lat' dir='ltr'><strong>multos</strong></span> <span class='ocrx_word' id='word_1_454' title='bbox 1266 3736 1491 3805; x_wconf 90' lang='lat' dir='ltr'><strong>gentiles</strong></span> <span class='ocrx_word' id='word_1_455' title='bbox 1520 3734 1775 3789; x_wconf 90' lang='lat' dir='ltr'><strong>docentes</strong></span> <span class='ocrx_word' id='word_1_456' title='bbox 1802 3733 1901 3790; x_wconf 62' lang='lat' dir='ltr'><strong>ba-</strong></span> 
     </span>
    </p>
   </div>
   <div class='ocr_carea' id='block_1_63' title="bbox 292 3826 1900 3903">
    <p class='ocr_par' dir='ltr' id='par_1_63' title="bbox 292 3826 1900 3903">
     <span class='ocr_line' id='line_1_64' title="bbox 292 3826 1900 3903; baseline -0.005 -16"><span class='ocrx_word' id='word_1_457' title='bbox 292 3833 631 3903; x_wconf 19' lang='lat' dir='ltr'><strong>.ptizabant;</strong></span> <span class='ocrx_word' id='word_1_458' title='bbox 679 3839 736 3885; x_wconf 90' lang='lat' dir='ltr'><strong>et</strong></span> <span class='ocrx_word' id='word_1_459' title='bbox 783 3829 959 3883; x_wconf 89' lang='lat' dir='ltr'><strong>denuo</strong></span> <span class='ocrx_word' id='word_1_460' title='bbox 1000 3826 1202 3896; x_wconf 89' lang='lat' dir='ltr'><strong>educti,</strong></span> <span class='ocrx_word' id='word_1_461' title='bbox 1241 3827 1401 3882; x_wconf 86' lang='lat' dir='ltr'><strong>vincti</strong></span> <span class='ocrx_word' id='word_1_462' title='bbox 1431 3826 1631 3881; x_wconf 81' lang='lat' dir='ltr'><strong>catenis</strong></span> <span class='ocrx_word' id='word_1_463' title='bbox 1662 3836 1716 3880; x_wconf 91' lang='lat' dir='ltr'><strong>et</strong></span> <span class='ocrx_word' id='word_1_464' title='bbox 1743 3826 1900 3879; x_wconf 80' lang='lat' dir='ltr'><strong>nudis</strong></span> 
     </span>
    </p>
   </div>
   <div class='ocr_carea' id='block_1_64' title="bbox 322 3916 1901 3993">
    <p class='ocr_par' dir='ltr' id='par_1_64' title="bbox 322 3916 1901 3993">
     <span class='ocr_line' id='line_1_65' title="bbox 322 3916 1901 3993; baseline -0.006 -15"><span class='ocrx_word' id='word_1_465' title='bbox 322 3923 543 3993; x_wconf 89' lang='lat' dir='ltr'><strong>pedibus</strong></span> <span class='ocrx_word' id='word_1_466' title='bbox 574 3931 699 3977; x_wconf 91' lang='lat' dir='ltr'><strong>ante</strong></span> <span class='ocrx_word' id='word_1_467' title='bbox 727 3920 1033 3991; x_wconf 65' lang='lat' dir='ltr'><strong>praelectum</strong></span> <span class='ocrx_word' id='word_1_468' title='bbox 1066 3918 1224 3975; x_wconf 90' lang='lat' dir='ltr'><strong>Urbis</strong></span> <span class='ocrx_word' id='word_1_469' title='bbox 1268 3916 1573 3972; x_wconf 84' lang='lat' dir='ltr'><strong>Laodieium</strong></span> <span class='ocrx_word' id='word_1_470' title='bbox 1600 3916 1735 3985; x_wconf 86' lang='lat' dir='ltr'><strong>jussi</strong></span> <span class='ocrx_word' id='word_1_471' title='bbox 1777 3922 1901 3970; x_wconf 91' lang='lat' dir='ltr'><strong>sunt</strong></span> 
     </span>
    </p>
   </div>
   <div class='ocr_carea' id='block_1_65' title="bbox 321 4006 1904 4083">
    <p class='ocr_par' dir='ltr' id='par_1_65' title="bbox 321 4006 1904 4083">
     <span class='ocr_line' id='line_1_66' title="bbox 321 4006 1904 4083; baseline -0.005 -15"><span class='ocrx_word' id='word_1_472' title='bbox 321 4012 375 4068; x_wconf 91' lang='lat' dir='ltr'><strong>in</strong></span> <span class='ocrx_word' id='word_1_473' title='bbox 418 4013 646 4083; x_wconf 89' lang='lat' dir='ltr'><strong>equuleo</strong></span> <span class='ocrx_word' id='word_1_474' title='bbox 688 4011 860 4067; x_wconf 82' lang='lat' dir='ltr'><strong>levari</strong></span> <span class='ocrx_word' id='word_1_475' title='bbox 908 4016 962 4064; x_wconf 85' lang='lat' dir='ltr'><strong>et</strong></span> <span class='ocrx_word' id='word_1_476' title='bbox 990 4009 1210 4074; x_wconf 90' lang='lat' dir='ltr'><strong>attrahi,</strong></span> <span class='ocrx_word' id='word_1_477' title='bbox 1254 4006 1434 4064; x_wconf 84' lang='lat' dir='ltr'><strong>nervis</strong></span> <span class='ocrx_word' id='word_1_478' title='bbox 1480 4017 1533 4062; x_wconf 91' lang='lat' dir='ltr'><strong>et</strong></span> <span class='ocrx_word' id='word_1_479' title='bbox 1571 4007 1797 4061; x_wconf 80' lang='lat' dir='ltr'><strong>fustibus</strong></span> <span class='ocrx_word' id='word_1_480' title='bbox 1838 4020 1904 4060; x_wconf 92' lang='lat' dir='ltr'><strong>ac</strong></span> 
     </span>
    </p>
   </div>
   <div class='ocr_carea' id='block_1_66' title="bbox 326 4098 1903 4173">
    <p class='ocr_par' dir='ltr' id='par_1_66' title="bbox 326 4098 1903 4173">
     <span class='ocr_line' id='line_1_67' title="bbox 326 4098 1903 4173; baseline -0.006 -12"><span class='ocrx_word' id='word_1_481' title='bbox 326 4104 701 4173; x_wconf 82' lang='lat' dir='ltr'><strong>scorpionibus</strong></span> <span class='ocrx_word' id='word_1_482' title='bbox 741 4100 894 4165; x_wconf 67' lang='lat' dir='ltr'><strong>caedi,</strong></span> <span class='ocrx_word' id='word_1_483' title='bbox 926 4099 1118 4168; x_wconf 87' lang='lat' dir='ltr'><strong>quibus</strong></span> <span class='ocrx_word' id='word_1_484' title='bbox 1164 4101 1324 4155; x_wconf 89' lang='lat' dir='ltr'><strong>etiam</strong></span> <span class='ocrx_word' id='word_1_485' title='bbox 1378 4099 1712 4169; x_wconf 87' lang='lat' dir='ltr'><strong>postmodum</strong></span> <span class='ocrx_word' id='word_1_486' title='bbox 1744 4098 1903 4152; x_wconf 84' lang='lat' dir='ltr'><strong>llam-</strong></span> 
     </span>
    </p>
   </div>
   <div class='ocr_carea' id='block_1_67' title="bbox 329 4191 1903 4262">
    <p class='ocr_par' dir='ltr' id='par_1_67' title="bbox 329 4191 1903 4262">
     <span class='ocr_line' id='line_1_68' title="bbox 329 4191 1903 4262; baseline -0.006 -10"><span class='ocrx_word' id='word_1_487' title='bbox 329 4212 447 4252; x_wconf 89' lang='lat' dir='ltr'><strong>mas</strong></span> <span class='ocrx_word' id='word_1_488' title='bbox 470 4196 534 4250; x_wconf 92' lang='lat' dir='ltr'><strong>ad</strong></span> <span class='ocrx_word' id='word_1_489' title='bbox 560 4197 721 4250; x_wconf 85' lang='lat' dir='ltr'><strong>latera</strong></span> <span class='ocrx_word' id='word_1_490' title='bbox 746 4193 906 4262; x_wconf 87' lang='lat' dir='ltr'><strong>jussit</strong></span> <span class='ocrx_word' id='word_1_491' title='bbox 946 4193 1168 4262; x_wconf 87' lang='lat' dir='ltr'><strong>apponi,</strong></span> <span class='ocrx_word' id='word_1_492' title='bbox 1201 4200 1255 4246; x_wconf 90' lang='lat' dir='ltr'><strong>et</strong></span> <span class='ocrx_word' id='word_1_493' title='bbox 1282 4191 1556 4259; x_wconf 85' lang='lat' dir='ltr'><strong>depositos</strong></span> <span class='ocrx_word' id='word_1_494' title='bbox 1584 4192 1648 4245; x_wconf 88' lang='lat' dir='ltr'><strong>de</strong></span> <span class='ocrx_word' id='word_1_495' title='bbox 1679 4191 1903 4258; x_wconf 90' lang='lat' dir='ltr'><strong>equuleo</strong></span> 
     </span>
    </p>
   </div>
   <div class='ocr_carea' id='block_1_68' title="bbox 326 4282 1905 4359">
    <p class='ocr_par' dir='ltr' id='par_1_68' title="bbox 326 4282 1905 4359">
     <span class='ocr_line' id='line_1_69' title="bbox 326 4282 1905 4359; baseline -0.006 -14"><span class='ocrx_word' id='word_1_496' title='bbox 326 4290 500 4359; x_wconf 86' lang='lat' dir='ltr'><strong>capite</strong></span> <span class='ocrx_word' id='word_1_497' title='bbox 544 4297 566 4324; x_wconf 80' lang='grc' dir='ltr'><strong>ο</strong></span> <span class='ocrx_word' id='word_1_498' title='bbox 622 4282 901 4357; x_wconf 88' lang='lat' dir='ltr'><strong>truncari].</strong></span> <span class='ocrx_word' id='word_1_499' title='bbox 955 4288 1192 4349; x_wconf 86' lang='lat' dir='ltr'><strong>Quorum</strong></span> <span class='ocrx_word' id='word_1_500' title='bbox 1237 4299 1461 4353; x_wconf 90' lang='lat' dir='ltr'><strong>corpora</strong></span> <span class='ocrx_word' id='word_1_501' title='bbox 1516 4298 1637 4339; x_wconf 91' lang='lat' dir='ltr'><strong>cum</strong></span> <span class='ocrx_word' id='word_1_502' title='bbox 1696 4282 1905 4337; x_wconf 77' lang='lat' dir='ltr'><strong>Joanne</strong></span> 
     </span>
    </p>
   </div>
   <div class='ocr_carea' id='block_1_69' title="bbox 329 4372 1902 4452">
    <p class='ocr_par' dir='ltr' id='par_1_69' title="bbox 329 4372 1902 4452">
     <span class='ocr_line' id='line_1_70' title="bbox 329 4372 1902 4452; baseline -0.006 -18"><span class='ocrx_word' id='word_1_503' title='bbox 329 4380 642 4452; x_wconf 81' lang='lat' dir='ltr'><strong>presbytero</strong></span> <span class='ocrx_word' id='word_1_504' title='bbox 686 4375 943 4444; x_wconf 86' lang='lat' dir='ltr'><strong>colligens</strong></span> <span class='ocrx_word' id='word_1_505' title='bbox 981 4374 1225 4428; x_wconf 85' lang='lat' dir='ltr'><strong>Thrason</strong></span> <span class='ocrx_word' id='word_1_506' title='bbox 1261 4375 1342 4427; x_wconf 90' lang='lat' dir='ltr'><strong>vir</strong></span> <span class='ocrx_word' id='word_1_507' title='bbox 1386 4372 1902 4437; x_wconf 85' lang='lat' dir='ltr'><strong>Christianissimus,</strong></span> 
     </span>
    </p>
   </div>
   <div class='ocr_carea' id='block_1_70' title="bbox 329 4462 1907 4541">
    <p class='ocr_par' dir='ltr' id='par_1_70' title="bbox 329 4462 1907 4541">
     <span class='ocr_line' id='line_1_71' title="bbox 329 4462 1907 4541; baseline -0.006 -17"><span class='ocrx_word' id='word_1_508' title='bbox 329 4470 420 4541; x_wconf 89' lang='lat' dir='ltr'><strong>qui</strong></span> <span class='ocrx_word' id='word_1_509' title='bbox 449 4471 515 4523; x_wconf 89' lang='lat' dir='ltr'><strong>de</strong></span> <span class='ocrx_word' id='word_1_510' title='bbox 546 4466 881 4521; x_wconf 76' lang='lat' dir='ltr'><strong>facultatibus</strong></span> <span class='ocrx_word' id='word_1_511' title='bbox 910 4465 1019 4519; x_wconf 83' lang='lat' dir='ltr'><strong>suis</strong></span> <span class='ocrx_word' id='word_1_512' title='bbox 1059 4464 1381 4534; x_wconf 88' lang='lat' dir='ltr'><strong>martyribus</strong></span> <span class='ocrx_word' id='word_1_513' title='bbox 1422 4465 1587 4517; x_wconf 91' lang='lat' dir='ltr'><strong>multa</strong></span> <span class='ocrx_word' id='word_1_514' title='bbox 1639 4462 1907 4517; x_wconf 75' lang='lat' dir='ltr'><strong>ministra-</strong></span> 
     </span>
    </p>
   </div>
   <div class='ocr_carea' id='block_1_71' title="bbox 330 4551 1904 4628">
    <p class='ocr_par' dir='ltr' id='par_1_71' title="bbox 330 4551 1904 4628">
     <span class='ocr_line' id='line_1_72' title="bbox 330 4551 1904 4628; baseline -0.009 -10"><span class='ocrx_word' id='word_1_515' title='bbox 330 4571 499 4625; x_wconf 83' lang='lat' dir='ltr'><strong>verat,</strong></span> <span class='ocrx_word' id='word_1_516' title='bbox 548 4558 791 4628; x_wconf 89' lang='lat' dir='ltr'><strong>sepelivit</strong></span> <span class='ocrx_word' id='word_1_517' title='bbox 837 4571 890 4609; x_wconf 85' lang='lat' dir='ltr'><strong>tn</strong></span> <span class='ocrx_word' id='word_1_518' title='bbox 939 4555 1137 4624; x_wconf 68' lang='lat' dir='ltr'><strong>praedio</strong></span> <span class='ocrx_word' id='word_1_519' title='bbox 1182 4568 1280 4607; x_wconf 88' lang='lat' dir='ltr'><strong>suo</strong></span> <span class='ocrx_word' id='word_1_520' title='bbox 1309 4554 1390 4607; x_wconf 80' lang='lat' dir='ltr'><strong>via</strong></span> <span class='ocrx_word' id='word_1_521' title='bbox 1439 4553 1664 4607; x_wconf 89' lang='lat' dir='ltr'><strong>Salaria.</strong></span> <span class='ocrx_word' id='word_1_522' title='bbox 1714 4552 1807 4605; x_wconf 88' lang='lat' dir='ltr'><strong>llis</strong></span> <span class='ocrx_word' id='word_1_523' title='bbox 1852 4551 1904 4604; x_wconf 94' lang='lat' dir='ltr'><strong>in</strong></span> 
     </span>
    </p>
   </div>
   <div class='ocr_carea' id='block_1_72' title="bbox 2005 2854 3587 2925">
    <p class='ocr_par' dir='ltr' id='par_1_72' title="bbox 2005 2854 3587 2925">
     <span class='ocr_line' id='line_1_73' title="bbox 2005 2854 3587 2925; baseline 0.003 -17"><span class='ocrx_word' id='word_1_524' title='bbox 2005 2854 2023 2891; x_wconf 72' lang='grc' dir='ltr'>ί</span> <span class='ocrx_word' id='word_1_525' title='bbox 2045 2854 2235 2925; x_wconf 87' lang='lat' dir='ltr'><strong>Papias</strong></span> <span class='ocrx_word' id='word_1_526' title='bbox 2265 2866 2319 2911; x_wconf 89' lang='lat' dir='ltr'><strong>et</strong></span> <span class='ocrx_word' id='word_1_527' title='bbox 2344 2855 2556 2910; x_wconf 80' lang='lat' dir='ltr'><strong>Maurus</strong></span> <span class='ocrx_word' id='word_1_528' title='bbox 2579 2874 2594 2922; x_wconf 90' lang='lat'><strong>;</strong></span> <span class='ocrx_word' id='word_1_529' title='bbox 2625 2856 2713 2924; x_wconf 90' lang='lat' dir='ltr'><strong>qui</strong></span> <span class='ocrx_word' id='word_1_530' title='bbox 2741 2872 2861 2911; x_wconf 83' lang='lat' dir='ltr'><strong>mox</strong></span> <span class='ocrx_word' id='word_1_531' title='bbox 2885 2857 3257 2925; x_wconf 86' lang='lat' dir='ltr'><strong>comprehensi</strong></span> <span class='ocrx_word' id='word_1_532' title='bbox 3285 2873 3312 2910; x_wconf 93' lang='lat' dir='ltr'><strong>a</strong></span> <span class='ocrx_word' id='word_1_533' title='bbox 3338 2856 3587 2913; x_wconf 87' lang='lat' dir='ltr'><strong>Laodicio</strong></span> 
     </span>
    </p>
   </div>
   <div class='ocr_carea' id='block_1_73' title="bbox 1997 2948 3575 3018">
    <p class='ocr_par' dir='ltr' id='par_1_73' title="bbox 1997 2948 3575 3018">
     <span class='ocr_line' id='line_1_74' title="bbox 1997 2948 3575 3018; baseline -0.001 -14"><span class='ocrx_word' id='word_1_534' title='bbox 1997 2958 2050 3004; x_wconf 89' lang='lat' dir='ltr'><strong>et</strong></span> <span class='ocrx_word' id='word_1_535' title='bbox 2079 2963 2182 3001; x_wconf 89' lang='lat' dir='ltr'><strong>non</strong></span> <span class='ocrx_word' id='word_1_536' title='bbox 2213 2949 2380 3002; x_wconf 90' lang='lat' dir='ltr'><strong>multo</strong></span> <span class='ocrx_word' id='word_1_537' title='bbox 2407 2956 2527 3017; x_wconf 87' lang='lat' dir='ltr'><strong>post</strong></span> <span class='ocrx_word' id='word_1_538' title='bbox 2554 2948 2809 3018; x_wconf 88' lang='lat' dir='ltr'><strong>martyrio</strong></span> <span class='ocrx_word' id='word_1_539' title='bbox 2838 2949 3082 3002; x_wconf 90' lang='lat' dir='ltr'><strong>coronati</strong></span> <span class='ocrx_word' id='word_1_540' title='bbox 3111 2954 3254 3001; x_wconf 83' lang='lat' dir='ltr'><strong>sunt.</strong></span> <span class='ocrx_word' id='word_1_541' title='bbox 3304 2948 3575 3017; x_wconf 86' lang='lat' dir='ltr'><strong>Scriptum</strong></span> 
     </span>
    </p>
   </div>
   <div class='ocr_carea' id='block_1_74' title="bbox 1996 3039 3584 3111">
    <p class='ocr_par' dir='ltr' id='par_1_74' title="bbox 1996 3039 3584 3111">
     <span class='ocr_line' id='line_1_75' title="bbox 1996 3039 3584 3111; baseline 0.002 -17"><span class='ocrx_word' id='word_1_542' title='bbox 1996 3041 2049 3094; x_wconf 89' lang='lat' dir='ltr'><strong>in</strong></span> <span class='ocrx_word' id='word_1_543' title='bbox 2073 3039 2248 3095; x_wconf 88' lang='lat' dir='ltr'><strong>Gestis</strong></span> <span class='ocrx_word' id='word_1_544' title='bbox 2274 3040 2504 3095; x_wconf 81' lang='lat' dir='ltr'><strong>Marcelli</strong></span> <span class='ocrx_word' id='word_1_545' title='bbox 2534 3055 2703 3110; x_wconf 67' lang='lat' dir='ltr'><strong>papae.</strong></span> <span class='ocrx_word' id='word_1_546' title='bbox 2737 3040 2939 3095; x_wconf 86' lang='lat' dir='ltr'><strong>Eodem</strong></span> <span class='ocrx_word' id='word_1_547' title='bbox 2962 3042 3048 3095; x_wconf 88' lang='lat' dir='ltr'><strong>die</strong></span> <span class='ocrx_word' id='word_1_548' title='bbox 3071 3041 3245 3111; x_wconf 71' lang='lat' dir='ltr'><strong>vigilia</strong></span> <span class='ocrx_word' id='word_1_549' title='bbox 3271 3041 3328 3097; x_wconf 89' lang='lat' dir='ltr'><strong>S.</strong></span> <span class='ocrx_word' id='word_1_550' title='bbox 3353 3040 3584 3097; x_wconf 64' lang='lat' dir='ltr'><strong>Andrem</strong></span> 
     </span>
    </p>
   </div>
   <div class='ocr_carea' id='block_1_75' title="bbox 2001 3133 2249 3201">
    <p class='ocr_par' dir='ltr' id='par_1_75' title="bbox 2001 3133 2249 3201">
     <span class='ocr_line' id='line_1_76' title="bbox 2001 3133 2249 3201; baseline 0 -16"><span class='ocrx_word' id='word_1_551' title='bbox 2001 3133 2249 3201; x_wconf 90' lang='lat' dir='ltr'><strong>apostoli.</strong></span> 
     </span>
    </p>
   </div>
   <div class='ocr_carea' id='block_1_76' title="bbox 2074 3244 3574 3312">
    <p class='ocr_par' dir='ltr' id='par_1_76' title="bbox 2074 3244 3574 3312">
     <span class='ocr_line' id='line_1_77' title="bbox 2074 3244 3574 3312; baseline 0.002 -14"><span class='ocrx_word' id='word_1_552' title='bbox 2074 3245 2296 3299; x_wconf 87' lang='lat' dir='ltr'><strong>Brevius</strong></span> <span class='ocrx_word' id='word_1_553' title='bbox 2318 3245 2379 3299; x_wconf 86' lang='lat' dir='ltr'><strong>L.</strong></span> <span class='ocrx_word' id='word_1_554' title='bbox 2409 3262 2420 3296; x_wconf 89' lang='lat'>:</span> <span class='ocrx_word' id='word_1_555' title='bbox 2451 3245 2549 3311; x_wconf 86' lang='lat' dir='ltr'><strong>Qui</strong></span> <span class='ocrx_word' id='word_1_556' title='bbox 2583 3253 2699 3312; x_wconf 75' lang='lat' dir='ltr'><strong>post</strong></span> <span class='ocrx_word' id='word_1_557' title='bbox 2726 3259 2998 3299; x_wconf 91' lang='lat' dir='ltr'><strong>carcerem</strong></span> <span class='ocrx_word' id='word_1_558' title='bbox 3024 3244 3075 3299; x_wconf 91' lang='lat' dir='ltr'><strong>in</strong></span> <span class='ocrx_word' id='word_1_559' title='bbox 3099 3246 3382 3311; x_wconf 87' lang='lat' dir='ltr'><strong>equuleum</strong></span> <span class='ocrx_word' id='word_1_560' title='bbox 3415 3245 3574 3301; x_wconf 74' lang='lat' dir='ltr'><strong>levati</strong></span> 
     </span>
    </p>
   </div>
   <div class='ocr_carea' id='block_1_77' title="bbox 2006 3315 3588 3385">
    <p class='ocr_par' dir='ltr' id='par_1_77' title="bbox 2006 3315 3588 3385">
     <span class='ocr_line' id='line_1_78' title="bbox 2006 3315 3588 3385; baseline 0.003 -16"><span class='ocrx_word' id='word_1_561' title='bbox 2006 3317 2190 3369; x_wconf 89' lang='lat' dir='ltr'><strong>nervis</strong></span> <span class='ocrx_word' id='word_1_562' title='bbox 2219 3315 2429 3369; x_wconf 89' lang='lat' dir='ltr'><strong>attracti</strong></span> <span class='ocrx_word' id='word_1_563' title='bbox 2458 3356 2473 3378; x_wconf 89' lang='lat'><strong>,</strong></span> <span class='ocrx_word' id='word_1_564' title='bbox 2518 3317 2732 3371; x_wconf 89' lang='lat' dir='ltr'><strong>tandem</strong></span> <span class='ocrx_word' id='word_1_565' title='bbox 2756 3316 2936 3385; x_wconf 87' lang='lat' dir='ltr'><strong>capite</strong></span> <span class='ocrx_word' id='word_1_566' title='bbox 2982 3318 3210 3371; x_wconf 88' lang='lat' dir='ltr'><strong>truncati</strong></span> <span class='ocrx_word' id='word_1_567' title='bbox 3257 3326 3419 3381; x_wconf 88' lang='lat' dir='ltr'><strong>sunt;</strong></span> <span class='ocrx_word' id='word_1_568' title='bbox 3454 3332 3588 3385; x_wconf 85' lang='lat' dir='ltr'><strong>quo-</strong></span> 
     </span>
    </p>
   </div>
   <div class='ocr_carea' id='block_1_78' title="bbox 2003 3396 2517 3456">
    <p class='ocr_par' dir='ltr' id='par_1_78' title="bbox 2003 3396 2517 3456">
     <span class='ocr_line' id='line_1_79' title="bbox 2003 3396 2517 3456; baseline -0.004 -16"><span class='ocrx_word' id='word_1_569' title='bbox 2003 3400 2118 3440; x_wconf 91' lang='lat' dir='ltr'><strong>rum</strong></span> <span class='ocrx_word' id='word_1_570' title='bbox 2142 3400 2388 3456; x_wconf 89' lang='lat' dir='ltr'><strong>corpora,</strong></span> <span class='ocrx_word' id='word_1_571' title='bbox 2415 3396 2517 3440; x_wconf 88' lang='lat' dir='ltr'><strong>etc.</strong></span> 
     </span>
    </p>
   </div>
   <div class='ocr_carea' id='block_1_79' title="bbox 2073 3496 3584 3570">
    <p class='ocr_par' dir='ltr' id='par_1_79' title="bbox 2073 3496 3584 3570">
     <span class='ocr_line' id='line_1_80' title="bbox 2073 3496 3584 3570; baseline 0 -19"><span class='ocrx_word' id='word_1_572' title='bbox 2073 3497 2261 3551; x_wconf 86' lang='lat' dir='ltr'><strong>Florus</strong></span> <span class='ocrx_word' id='word_1_573' title='bbox 2286 3497 2338 3549; x_wconf 88' lang='lat' dir='ltr'><strong>in</strong></span> <span class='ocrx_word' id='word_1_574' title='bbox 2372 3500 2437 3551; x_wconf 78' lang='lat' dir='ltr'><strong>A.</strong></span> <span class='ocrx_word' id='word_1_575' title='bbox 2478 3506 2532 3551; x_wconf 89' lang='lat' dir='ltr'><strong>et</strong></span> <span class='ocrx_word' id='word_1_576' title='bbox 2559 3497 2624 3551; x_wconf 89' lang='grc' dir='ltr'><strong>Τ.</strong></span> <span class='ocrx_word' id='word_1_577' title='bbox 2661 3516 2672 3549; x_wconf 89' lang='lat'>:</span> <span class='ocrx_word' id='word_1_578' title='bbox 2710 3496 2910 3550; x_wconf 86' lang='lat' dir='ltr'><strong>Eodem</strong></span> <span class='ocrx_word' id='word_1_579' title='bbox 2943 3497 3027 3550; x_wconf 93' lang='lat' dir='ltr'><strong>die</strong></span> <span class='ocrx_word' id='word_1_580' title='bbox 3060 3498 3232 3563; x_wconf 88' lang='lat' dir='ltr'><strong>passio</strong></span> <span class='ocrx_word' id='word_1_581' title='bbox 3259 3498 3318 3552; x_wconf 91' lang='lat' dir='ltr'><strong>S.</strong></span> <span class='ocrx_word' id='word_1_582' title='bbox 3353 3504 3378 3541; x_wconf 74' lang='lat'><strong><em>8</em></strong></span> <span class='ocrx_word' id='word_1_583' title='bbox 3411 3497 3584 3570; x_wconf 87' lang='lat' dir='ltr'><strong>Chry-</strong></span> 
     </span>
    </p>
   </div>
   <div class='ocr_carea' id='block_1_80' title="bbox 2000 3585 3567 3655">
    <p class='ocr_par' dir='ltr' id='par_1_80' title="bbox 2000 3585 3567 3655">
     <span class='ocr_line' id='line_1_81' title="bbox 2000 3585 3567 3655; baseline 0 -13"><span class='ocrx_word' id='word_1_584' title='bbox 2000 3587 2139 3642; x_wconf 90' lang='lat' dir='ltr'><strong>santi</strong></span> <span class='ocrx_word' id='word_1_585' title='bbox 2201 3596 2255 3640; x_wconf 91' lang='lat' dir='ltr'><strong>et</strong></span> <span class='ocrx_word' id='word_1_586' title='bbox 2281 3585 2473 3648; x_wconf 69' lang='lat' dir='ltr'><strong>Darize,</strong></span> <span class='ocrx_word' id='word_1_587' title='bbox 2502 3602 2621 3639; x_wconf 85' lang='lat' dir='ltr'><strong>cum</strong></span> <span class='ocrx_word' id='word_1_588' title='bbox 2653 3587 2924 3654; x_wconf 86' lang='lat' dir='ltr'><strong>octoginta</strong></span> <span class='ocrx_word' id='word_1_589' title='bbox 2967 3586 3243 3650; x_wconf 89' lang='lat' dir='ltr'><strong>militibus,</strong></span> <span class='ocrx_word' id='word_1_590' title='bbox 3269 3587 3354 3653; x_wconf 87' lang='lat' dir='ltr'><strong>qui</strong></span> <span class='ocrx_word' id='word_1_591' title='bbox 3388 3602 3484 3655; x_wconf 88' lang='lat' dir='ltr'><strong>per</strong></span> <span class='ocrx_word' id='word_1_592' title='bbox 3509 3588 3567 3642; x_wconf 92' lang='lat' dir='ltr'><strong>S.</strong></span> 
     </span>
    </p>
   </div>
   <div class='ocr_carea' id='block_1_81' title="bbox 2001 3674 3583 3746">
    <p class='ocr_par' dir='ltr' id='par_1_81' title="bbox 2001 3674 3583 3746">
     <span class='ocr_line' id='line_1_82' title="bbox 2001 3674 3583 3746; baseline -0.001 -15"><span class='ocrx_word' id='word_1_593' title='bbox 2001 3678 2356 3746; x_wconf 86' lang='lat' dir='ltr'><strong>Chrysantum</strong></span> <span class='ocrx_word' id='word_1_594' title='bbox 2372 3676 2433 3728; x_wconf 89' lang='lat' dir='ltr'><strong>ad</strong></span> <span class='ocrx_word' id='word_1_595' title='bbox 2454 3675 2610 3728; x_wconf 78' lang='lat' dir='ltr'><strong>Iidem</strong></span> <span class='ocrx_word' id='word_1_596' title='bbox 2628 3674 2893 3741; x_wconf 72' lang='lat' dir='ltr'><strong>conversi,</strong></span> <span class='ocrx_word' id='word_1_597' title='bbox 2912 3674 3132 3743; x_wconf 88' lang='lat' dir='ltr'><strong>juheute</strong></span> <span class='ocrx_word' id='word_1_598' title='bbox 3146 3674 3466 3728; x_wconf 81' lang='lat' dir='ltr'><strong>Numerium</strong></span> <span class='ocrx_word' id='word_1_599' title='bbox 3488 3676 3583 3729; x_wconf 82' lang='lat' dir='ltr'><strong>im-</strong></span> 
     </span>
    </p>
   </div>
   <div class='ocr_carea' id='block_1_82' title="bbox 2004 3766 3583 3839">
    <p class='ocr_par' dir='ltr' id='par_1_82' title="bbox 2004 3766 3583 3839">
     <span class='ocr_line' id='line_1_83' title="bbox 2004 3766 3583 3839; baseline -0.002 -14"><span class='ocrx_word' id='word_1_600' title='bbox 2004 3780 2272 3839; x_wconf 84' lang='lat' dir='ltr'><strong>peratore,</strong></span> <span class='ocrx_word' id='word_1_601' title='bbox 2300 3769 2498 3837; x_wconf 92' lang='lat' dir='ltr'><strong>pariter</strong></span> <span class='ocrx_word' id='word_1_602' title='bbox 2520 3777 2642 3821; x_wconf 91' lang='lat' dir='ltr'><strong>sunt</strong></span> <span class='ocrx_word' id='word_1_603' title='bbox 2664 3766 2955 3822; x_wconf 82' lang='lat' dir='ltr'><strong>interfecti.</strong></span> <span class='ocrx_word' id='word_1_604' title='bbox 2980 3767 3310 3838; x_wconf 88' lang='lat' dir='ltr'><strong>Chrysantus</strong></span> <span class='ocrx_word' id='word_1_605' title='bbox 3328 3776 3383 3823; x_wconf 91' lang='lat' dir='ltr'><strong>et</strong></span> <span class='ocrx_word' id='word_1_606' title='bbox 3404 3769 3583 3837; x_wconf 89' lang='lat' dir='ltr'><strong>Daria,</strong></span> 
     </span>
    </p>
   </div>
   <div class='ocr_carea' id='block_1_83' title="bbox 2004 3859 3586 3932">
    <p class='ocr_par' dir='ltr' id='par_1_83' title="bbox 2004 3859 3586 3932">
     <span class='ocr_line' id='line_1_84' title="bbox 2004 3859 3586 3932; baseline -0.001 -17"><span class='ocrx_word' id='word_1_607' title='bbox 2004 3872 2122 3932; x_wconf 91' lang='lat' dir='ltr'><strong>post</strong></span> <span class='ocrx_word' id='word_1_608' title='bbox 2152 3861 2299 3930; x_wconf 89' lang='lat' dir='ltr'><strong>plura</strong></span> <span class='ocrx_word' id='word_1_609' title='bbox 2328 3869 2613 3926; x_wconf 88' lang='lat' dir='ltr'><strong>tormenta,</strong></span> <span class='ocrx_word' id='word_1_610' title='bbox 2650 3866 2770 3926; x_wconf 90' lang='lat' dir='ltr'><strong>post</strong></span> <span class='ocrx_word' id='word_1_611' title='bbox 2792 3872 3060 3924; x_wconf 90' lang='lat' dir='ltr'><strong>carceres,</strong></span> <span class='ocrx_word' id='word_1_612' title='bbox 3090 3859 3308 3921; x_wconf 90' lang='lat' dir='ltr'><strong>bestias,</strong></span> <span class='ocrx_word' id='word_1_613' title='bbox 3339 3867 3393 3913; x_wconf 92' lang='lat' dir='ltr'><strong>et</strong></span> <span class='ocrx_word' id='word_1_614' title='bbox 3415 3874 3586 3926; x_wconf 87' lang='lat' dir='ltr'><strong>equu-</strong></span> 
     </span>
    </p>
   </div>
   <div class='ocr_carea' id='block_1_84' title="bbox 2004 3949 3518 4024">
    <p class='ocr_par' dir='ltr' id='par_1_84' title="bbox 2004 3949 3518 4024">
     <span class='ocr_line' id='line_1_85' title="bbox 2004 3949 3518 4024; baseline -0.003 -15"><span class='ocrx_word' id='word_1_615' title='bbox 2004 3956 2116 4011; x_wconf 90' lang='lat' dir='ltr'><strong>leos</strong></span> <span class='ocrx_word' id='word_1_616' title='bbox 2144 3955 2338 4024; x_wconf 87' lang='lat' dir='ltr'><strong>pariter</strong></span> <span class='ocrx_word' id='word_1_617' title='bbox 2370 3953 2420 4005; x_wconf 92' lang='lat' dir='ltr'><strong>in</strong></span> <span class='ocrx_word' id='word_1_618' title='bbox 2453 3950 2656 4007; x_wconf 77' lang='lat' dir='ltr'><strong>foveam</strong></span> <span class='ocrx_word' id='word_1_619' title='bbox 2684 3950 2833 4005; x_wconf 91' lang='lat' dir='ltr'><strong>missi</strong></span> <span class='ocrx_word' id='word_1_620' title='bbox 2864 3949 3126 4020; x_wconf 91' lang='lat' dir='ltr'><strong>lapidibus</strong></span> <span class='ocrx_word' id='word_1_621' title='bbox 3159 3950 3339 4003; x_wconf 87' lang='lat' dir='ltr'><strong>obruti</strong></span> <span class='ocrx_word' id='word_1_622' title='bbox 3368 3959 3518 4005; x_wconf 90' lang='lat' dir='ltr'><strong>sunt.</strong></span> 
     </span>
    </p>
   </div>
   <div class='ocr_carea' id='block_1_85' title="bbox 2077 4064 3587 4135">
    <p class='ocr_par' dir='ltr' id='par_1_85' title="bbox 2077 4064 3587 4135">
     <span class='ocr_line' id='line_1_86' title="bbox 2077 4064 3587 4135; baseline -0.004 -9"><span class='ocrx_word' id='word_1_623' title='bbox 2077 4072 2217 4126; x_wconf 87' lang='lat' dir='ltr'><strong>idem</strong></span> <span class='ocrx_word' id='word_1_624' title='bbox 2255 4070 2447 4125; x_wconf 89' lang='lat' dir='ltr'><strong>Florus</strong></span> <span class='ocrx_word' id='word_1_625' title='bbox 2478 4069 2529 4122; x_wconf 91' lang='lat' dir='ltr'><strong>in</strong></span> <span class='ocrx_word' id='word_1_626' title='bbox 2559 4068 2624 4123; x_wconf 77' lang='grc' dir='ltr'><strong>Α.</strong></span> <span class='ocrx_word' id='word_1_627' title='bbox 2656 4066 2720 4121; x_wconf 83' lang='grc' dir='ltr'><strong>Τ.</strong></span> <span class='ocrx_word' id='word_1_628' title='bbox 2759 4066 2821 4121; x_wconf 87' lang='lat' dir='ltr'><strong>L.</strong></span> <span class='ocrx_word' id='word_1_629' title='bbox 2856 4083 2868 4120; x_wconf 86' lang='lat'>:</span> <span class='ocrx_word' id='word_1_630' title='bbox 2899 4067 3089 4121; x_wconf 89' lang='lat' dir='ltr'><strong>Tolosa</strong></span> <span class='ocrx_word' id='word_1_631' title='bbox 3120 4064 3296 4135; x_wconf 87' lang='lat' dir='ltr'><strong>passio</strong></span> <span class='ocrx_word' id='word_1_632' title='bbox 3337 4065 3392 4121; x_wconf 92' lang='lat' dir='ltr'><strong>S.</strong></span> <span class='ocrx_word' id='word_1_633' title='bbox 3429 4066 3458 4103; x_wconf 62' lang='grc' dir='ltr'><strong>ι</strong></span> <span class='ocrx_word' id='word_1_634' title='bbox 3488 4067 3587 4121; x_wconf 89' lang='lat' dir='ltr'><strong>Sa-</strong></span> 
     </span>
    </p>
   </div>
   <div class='ocr_carea' id='block_1_86' title="bbox 2008 4156 3592 4229">
    <p class='ocr_par' dir='ltr' id='par_1_86' title="bbox 2008 4156 3592 4229">
     <span class='ocr_line' id='line_1_87' title="bbox 2008 4156 3592 4229; baseline -0.005 -11"><span class='ocrx_word' id='word_1_635' title='bbox 2008 4163 2205 4218; x_wconf 91' lang='lat' dir='ltr'><strong>turnini</strong></span> <span class='ocrx_word' id='word_1_636' title='bbox 2253 4160 2513 4229; x_wconf 91' lang='lat' dir='ltr'><strong>episcopi,</strong></span> <span class='ocrx_word' id='word_1_637' title='bbox 2542 4160 2630 4227; x_wconf 92' lang='lat' dir='ltr'><strong>qui</strong></span> <span class='ocrx_word' id='word_1_638' title='bbox 2685 4168 2927 4226; x_wconf 90' lang='lat' dir='ltr'><strong>tempore</strong></span> <span class='ocrx_word' id='word_1_639' title='bbox 2968 4157 3137 4222; x_wconf 82' lang='lat' dir='ltr'><strong>Decii,</strong></span> <span class='ocrx_word' id='word_1_640' title='bbox 3189 4156 3494 4210; x_wconf 83' lang='lat' dir='ltr'><strong>Germanici</strong></span> <span class='ocrx_word' id='word_1_641' title='bbox 3536 4164 3592 4210; x_wconf 85' lang='lat' dir='ltr'><strong>et</strong></span> 
     </span>
    </p>
   </div>
   <div class='ocr_carea' id='block_1_87' title="bbox 2008 4246 3591 4320">
    <p class='ocr_par' dir='ltr' id='par_1_87' title="bbox 2008 4246 3591 4320">
     <span class='ocr_line' id='line_1_88' title="bbox 2008 4246 3591 4320; baseline -0.005 -11"><span class='ocrx_word' id='word_1_642' title='bbox 2008 4255 2152 4309; x_wconf 87' lang='lat' dir='ltr'><strong>Grati</strong></span> <span class='ocrx_word' id='word_1_643' title='bbox 2179 4263 2352 4308; x_wconf 89' lang='lat' dir='ltr'><strong>tentus</strong></span> <span class='ocrx_word' id='word_1_644' title='bbox 2375 4267 2403 4305; x_wconf 92' lang='lat' dir='ltr'><strong>a</strong></span> <span class='ocrx_word' id='word_1_645' title='bbox 2428 4266 2644 4320; x_wconf 80' lang='lat' dir='ltr'><strong>paganis</strong></span> <span class='ocrx_word' id='word_1_646' title='bbox 2670 4264 2733 4303; x_wconf 88' lang='lat' dir='ltr'><strong>ac</strong></span> <span class='ocrx_word' id='word_1_647' title='bbox 2764 4259 2917 4303; x_wconf 87' lang='lat' dir='ltr'><strong>tauro</strong></span> <span class='ocrx_word' id='word_1_648' title='bbox 2945 4248 3216 4316; x_wconf 86' lang='lat' dir='ltr'><strong>alligatus,</strong></span> <span class='ocrx_word' id='word_1_649' title='bbox 3239 4246 3307 4301; x_wconf 93' lang='lat' dir='ltr'><strong>de</strong></span> <span class='ocrx_word' id='word_1_650' title='bbox 3324 4246 3591 4314; x_wconf 86' lang='lat' dir='ltr'><strong>Capitolio</strong></span> 
     </span>
    </p>
   </div>
   <div class='ocr_carea' id='block_1_88' title="bbox 2010 4338 3591 4417">
    <p class='ocr_par' dir='ltr' id='par_1_88' title="bbox 2010 4338 3591 4417">
     <span class='ocr_line' id='line_1_89' title="bbox 2010 4338 3591 4417; baseline -0.006 -16"><span class='ocrx_word' id='word_1_651' title='bbox 2010 4347 2384 4417; x_wconf 61' lang='lat' dir='ltr'><strong>praecipitatur.</strong></span> <span class='ocrx_word' id='word_1_652' title='bbox 2430 4342 2535 4397; x_wconf 81' lang='lat' dir='ltr'><strong>Nec</strong></span> <span class='ocrx_word' id='word_1_653' title='bbox 2565 4357 2715 4396; x_wconf 90' lang='lat' dir='ltr'><strong>mora</strong></span> <span class='ocrx_word' id='word_1_654' title='bbox 2747 4342 2887 4395; x_wconf 90' lang='lat' dir='ltr'><strong>inter</strong></span> <span class='ocrx_word' id='word_1_655' title='bbox 2910 4340 3115 4408; x_wconf 86' lang='lat' dir='ltr'><strong>primos</strong></span> <span class='ocrx_word' id='word_1_656' title='bbox 3143 4338 3437 4393; x_wconf 89' lang='lat' dir='ltr'><strong>descensus</strong></span> <span class='ocrx_word' id='word_1_657' title='bbox 3465 4353 3591 4406; x_wconf 88' lang='lat' dir='ltr'><strong>gra-</strong></span> 
     </span>
    </p>
   </div>
   <div class='ocr_carea' id='block_1_89' title="bbox 2008 4432 3595 4503">
    <p class='ocr_par' dir='ltr' id='par_1_89' title="bbox 2008 4432 3595 4503">
     <span class='ocr_line' id='line_1_90' title="bbox 2008 4432 3595 4503; baseline -0.008 -9"><span class='ocrx_word' id='word_1_658' title='bbox 2008 4440 2170 4494; x_wconf 90' lang='lat' dir='ltr'><strong>duum</strong></span> <span class='ocrx_word' id='word_1_659' title='bbox 2202 4439 2343 4491; x_wconf 90' lang='lat' dir='ltr'><strong>illius</strong></span> <span class='ocrx_word' id='word_1_660' title='bbox 2372 4436 2543 4503; x_wconf 89' lang='lat' dir='ltr'><strong>capite</strong></span> <span class='ocrx_word' id='word_1_661' title='bbox 2573 4432 2783 4499; x_wconf 87' lang='lat' dir='ltr'><strong>colliso,</strong></span> <span class='ocrx_word' id='word_1_662' title='bbox 2824 4432 3047 4485; x_wconf 88' lang='lat' dir='ltr'><strong>cerebro</strong></span> <span class='ocrx_word' id='word_1_663' title='bbox 3080 4442 3330 4495; x_wconf 84' lang='lat' dir='ltr'><strong>excusso,</strong></span> <span class='ocrx_word' id='word_1_664' title='bbox 3377 4437 3430 4483; x_wconf 91' lang='lat' dir='ltr'><strong>et</strong></span> <span class='ocrx_word' id='word_1_665' title='bbox 3474 4443 3595 4482; x_wconf 89' lang='lat' dir='ltr'><strong>cor-</strong></span> 
     </span>
    </p>
   </div>
   <div class='ocr_carea' id='block_1_90' title="bbox 2010 4520 3585 4599">
    <p class='ocr_par' dir='ltr' id='par_1_90' title="bbox 2010 4520 3585 4599">
     <span class='ocr_line' id='line_1_91' title="bbox 2010 4520 3585 4599; baseline -0.007 -15"><span class='ocrx_word' id='word_1_666' title='bbox 2010 4545 2137 4599; x_wconf 90' lang='lat' dir='ltr'><strong>pore</strong></span> <span class='ocrx_word' id='word_1_667' title='bbox 2164 4528 2308 4582; x_wconf 90' lang='lat' dir='ltr'><strong>omni</strong></span> <span class='ocrx_word' id='word_1_668' title='bbox 2341 4527 2699 4582; x_wconf 87' lang='lat' dir='ltr'><strong>membrorum</strong></span> <span class='ocrx_word' id='word_1_669' title='bbox 2752 4534 2901 4591; x_wconf 88' lang='lat' dir='ltr'><strong>parte</strong></span> <span class='ocrx_word' id='word_1_670' title='bbox 2929 4522 3185 4577; x_wconf 81' lang='lat' dir='ltr'><strong>lacerato.</strong></span> <span class='ocrx_word' id='word_1_671' title='bbox 3230 4520 3443 4589; x_wconf 86' lang='lat' dir='ltr'><strong>dignam</strong></span> <span class='ocrx_word' id='word_1_672' title='bbox 3476 4520 3585 4575; x_wconf 90' lang='lat' dir='ltr'><strong>Deo</strong></span> 
     </span>
    </p>
   </div>
   <div class='ocr_carea' id='block_1_91' title="bbox 332 4617 2782 4715">
    <p class='ocr_par' dir='ltr' id='par_1_91' title="bbox 332 4617 2782 4715">
     <span class='ocr_line' id='line_1_92' title="bbox 332 4617 2782 4715; baseline -0.012 -1"><span class='ocrx_word' id='word_1_673' title='bbox 332 4617 512 4713; x_wconf 82' lang='lat' dir='ltr'><strong>medio</strong></span> <span class='ocrx_word' id='word_1_674' title='bbox 575 4617 867 4707; x_wconf 78' lang='lat' dir='ltr'><strong>certamine</strong></span> <span class='ocrx_word' id='word_1_675' title='bbox 920 4617 1104 4715; x_wconf 78' lang='lat' dir='ltr'><strong>positis</strong></span> <span class='ocrx_word' id='word_1_676' title='bbox 1153 4646 1495 4701; x_wconf 88' lang='lat' dir='ltr'><strong>crediderunt</strong></span> <span class='ocrx_word' id='word_1_677' title='bbox 1538 4644 1641 4698; x_wconf 91' lang='lat' dir='ltr'><strong>duo</strong></span> <span class='ocrx_word' id='word_1_678' title='bbox 1712 4642 1914 4696; x_wconf 88' lang='lat' dir='ltr'><strong>milites</strong></span> <span class='ocrx_word' id='word_1_679' title='bbox 1949 4623 2248 4694; x_wconf 73' lang='lat' dir='ltr'><strong>Danimam</strong></span> <span class='ocrx_word' id='word_1_680' title='bbox 2277 4619 2523 4675; x_wconf 66' lang='lat' dir='ltr'><strong>Chrisms</strong></span> <span class='ocrx_word' id='word_1_681' title='bbox 2552 4617 2782 4686; x_wconf 64' lang='grc' dir='ltr'><strong>θκοθρῖισ</strong></span> 
     </span>
    </p>
   </div>
   <div class='ocr_carea' id='block_1_92' title="bbox 1684 4731 2160 4790">
    <p class='ocr_par' dir='ltr' id='par_1_92' title="bbox 1684 4731 2160 4790">
     <span class='ocr_line' id='line_1_93' title="bbox 1684 4731 2160 4790; baseline -0.008 0"><span class='ocrx_word' id='word_1_682' title='bbox 1684 4732 1888 4790; x_wconf 79' lang='lat' dir='ltr'><strong>SMITII</strong></span> <span class='ocrx_word' id='word_1_683' title='bbox 1930 4731 2160 4788; x_wconf 73' lang='grc' dir='ltr'><strong>ΝΟΤᾸΞ.</strong></span> 
     </span>
    </p>
   </div>
   <div class='ocr_carea' id='block_1_93' title="bbox 403 4828 1902 4900">
    <p class='ocr_par' dir='ltr' id='par_1_93' title="bbox 403 4828 1902 4900">
     <span class='ocr_line' id='line_1_94' title="bbox 403 4828 1902 4900; baseline -0.012 -5"><span class='ocrx_word' id='word_1_684' title='bbox 403 4848 431 4878; x_wconf 80' lang='grc' dir='ltr'>ι</span> <span class='ocrx_word' id='word_1_685' title='bbox 472 4835 753 4895; x_wconf 77' lang='lat' dir='ltr'><strong>Sosthenis.</strong></span> <span class='ocrx_word' id='word_1_686' title='bbox 786 4834 883 4900; x_wconf 85' lang='lat' dir='ltr'><strong>Qui</strong></span> <span class='ocrx_word' id='word_1_687' title='bbox 918 4829 1013 4885; x_wconf 83' lang='lat' dir='ltr'><strong>l&#39;uit</strong></span> <span class='ocrx_word' id='word_1_688' title='bbox 1039 4832 1105 4885; x_wconf 88' lang='lat' dir='ltr'><strong>de</strong></span> <span class='ocrx_word' id='word_1_689' title='bbox 1133 4848 1231 4886; x_wconf 66' lang='lat' dir='ltr'><strong>cxx</strong></span> <span class='ocrx_word' id='word_1_690' title='bbox 1255 4828 1548 4900; x_wconf 82' lang='lat' dir='ltr'><strong>discipulis,</strong></span> <span class='ocrx_word' id='word_1_691' title='bbox 1579 4836 1632 4880; x_wconf 87' lang='lat' dir='ltr'><strong>et</strong></span> <span class='ocrx_word' id='word_1_692' title='bbox 1661 4841 1902 4900; x_wconf 81' lang='lat' dir='ltr'><strong>unacum</strong></span> 
     </span>
    </p>
   </div>
   <div class='ocr_carea' id='block_1_94' title="bbox 329 4897 1897 4968">
    <p class='ocr_par' dir='ltr' id='par_1_94' title="bbox 329 4897 1897 4968">
     <span class='ocr_line' id='line_1_95' title="bbox 329 4897 1897 4968; baseline -0.011 -1"><span class='ocrx_word' id='word_1_693' title='bbox 329 4913 493 4968; x_wconf 84' lang='lat' dir='ltr'><strong>Paulo</strong></span> <span class='ocrx_word' id='word_1_694' title='bbox 523 4910 723 4961; x_wconf 86' lang='lat' dir='ltr'><strong>litteras</strong></span> <span class='ocrx_word' id='word_1_695' title='bbox 764 4897 829 4956; x_wconf 84' lang='lat' dir='ltr'><strong>ad</strong></span> <span class='ocrx_word' id='word_1_696' title='bbox 878 4903 1180 4956; x_wconf 71' lang='lat' dir='ltr'><strong>Corinthios</strong></span> <span class='ocrx_word' id='word_1_697' title='bbox 1223 4897 1455 4965; x_wconf 85' lang='lat' dir='ltr'><strong>scripsit.</strong></span> <span class='ocrx_word' id='word_1_698' title='bbox 1493 4898 1711 4968; x_wconf 79' lang='lat' dir='ltr'><strong>Eusee.,</strong></span> <span class='ocrx_word' id='word_1_699' title='bbox 1758 4897 1897 4950; x_wconf 84' lang='lat' dir='ltr'><strong>llist.</strong></span> 
     </span>
    </p>
   </div>
   <div class='ocr_carea' id='block_1_95' title="bbox 336 4967 1899 5041">
    <p class='ocr_par' dir='ltr' id='par_1_95' title="bbox 336 4967 1899 5041">
     <span class='ocr_line' id='line_1_96' title="bbox 336 4967 1899 5041; baseline -0.013 -3"><span class='ocrx_word' id='word_1_700' title='bbox 336 4967 481 5038; x_wconf 77' lang='lat' dir='ltr'><strong>Eccl.</strong></span> <span class='ocrx_word' id='word_1_701' title='bbox 514 4995 550 5040; x_wconf 82' lang='grc' dir='ltr'><strong>ι,</strong></span> <span class='ocrx_word' id='word_1_702' title='bbox 582 4975 667 5031; x_wconf 70' lang='grc'><strong>12,</strong></span> <span class='ocrx_word' id='word_1_703' title='bbox 714 4973 843 5027; x_wconf 81' lang='lat' dir='ltr'><strong>Eum</strong></span> <span class='ocrx_word' id='word_1_704' title='bbox 885 4976 1189 5041; x_wconf 90' lang='lat' dir='ltr'><strong>episcopum</strong></span> <span class='ocrx_word' id='word_1_705' title='bbox 1229 4970 1584 5041; x_wconf 44' lang='lat' dir='ltr'><strong>Colophonis“</strong></span> <span class='ocrx_word' id='word_1_706' title='bbox 1596 4967 1899 5041; x_wconf 79' lang='lat' dir='ltr'><strong>ordinatum</strong></span> 
     </span>
    </p>
   </div>
   <div class='ocr_carea' id='block_1_96' title="bbox 332 5037 1903 5114">
    <p class='ocr_par' dir='ltr' id='par_1_96' title="bbox 332 5037 1903 5114">
     <span class='ocr_line' id='line_1_97' title="bbox 332 5037 1903 5114; baseline -0.01 -7"><span class='ocrx_word' id='word_1_707' title='bbox 332 5037 494 5107; x_wconf 86' lang='lat' dir='ltr'><strong>tradit</strong></span> <span class='ocrx_word' id='word_1_708' title='bbox 524 5037 818 5102; x_wconf 87' lang='lat' dir='ltr'><strong>Dorotheus</strong></span> <span class='ocrx_word' id='word_1_709' title='bbox 847 5045 897 5096; x_wconf 92' lang='lat' dir='ltr'><strong>in</strong></span> <span class='ocrx_word' id='word_1_710' title='bbox 921 5037 1194 5114; x_wconf 50' lang='lat' dir='ltr'><strong>&#39;Synopsi;</strong></span> <span class='ocrx_word' id='word_1_711' title='bbox 1247 5042 1403 5110; x_wconf 89' lang='lat' dir='ltr'><strong>idque</strong></span> <span class='ocrx_word' id='word_1_712' title='bbox 1431 5054 1497 5093; x_wconf 78' lang='lat' dir='ltr'><strong>ex</strong></span> <span class='ocrx_word' id='word_1_713' title='bbox 1546 5038 1812 5107; x_wconf 84' lang='lat' dir='ltr'><strong>Hippolyti</strong></span> <span class='ocrx_word' id='word_1_714' title='bbox 1843 5037 1903 5091; x_wconf 60' lang='lat' dir='ltr'><strong>li»</strong></span> 
     </span>
    </p>
   </div>
   <div class='ocr_carea' id='block_1_97' title="bbox 333 5114 1022 5181">
    <p class='ocr_par' dir='ltr' id='par_1_97' title="bbox 333 5114 1022 5181">
     <span class='ocr_line' id='line_1_98' title="bbox 333 5114 1022 5181; baseline -0.02 -2"><span class='ocrx_word' id='word_1_715' title='bbox 333 5124 474 5179; x_wconf 84' lang='lat' dir='ltr'><strong>bello</strong></span> <span class='ocrx_word' id='word_1_716' title='bbox 504 5120 569 5171; x_wconf 84' lang='lat' dir='ltr'><strong>de</strong></span> <span class='ocrx_word' id='word_1_717' title='bbox 600 5132 699 5171; x_wconf 67' lang='grc' dir='ltr'><strong>ιιι</strong></span> <span class='ocrx_word' id='word_1_718' title='bbox 729 5114 1022 5181; x_wconf 85' lang='lat' dir='ltr'><strong>discipulis.</strong></span> 
     </span>
    </p>
   </div>
   <div class='ocr_carea' id='block_1_98' title="bbox 422 5178 1899 5256">
    <p class='ocr_par' dir='ltr' id='par_1_98' title="bbox 422 5178 1899 5256">
     <span class='ocr_line' id='line_1_99' title="bbox 422 5178 1899 5256; baseline -0.007 -13"><span class='ocrx_word' id='word_1_719' title='bbox 422 5191 452 5229; x_wconf 70' lang='grc' dir='ltr'>δ</span> <span class='ocrx_word' id='word_1_720' title='bbox 507 5178 908 5256; x_wconf 70' lang='lat' dir='ltr'><strong>Clirngonurn.</strong></span> <span class='ocrx_word' id='word_1_721' title='bbox 964 5184 1149 5256; x_wconf 55' lang='lat' dir='ltr'><strong>ifctrus</strong></span> <span class='ocrx_word' id='word_1_722' title='bbox 1212 5182 1281 5238; x_wconf 87' lang='lat' dir='ltr'><strong>de</strong></span> <span class='ocrx_word' id='word_1_723' title='bbox 1331 5178 1504 5256; x_wconf 66' lang='lat' dir='ltr'><strong>Natal.</strong></span> <span class='ocrx_word' id='word_1_724' title='bbox 1567 5179 1899 5256; x_wconf 81' lang='lat' dir='ltr'><strong>_t_r_ad_it_eum</strong></span> 
     </span>
    </p>
   </div>
   <div class='ocr_carea' id='block_1_99' title="bbox 334 5250 1908 5327">
    <p class='ocr_par' dir='ltr' id='par_1_99' title="bbox 334 5250 1908 5327">
     <span class='ocr_line' id='line_1_100' title="bbox 334 5250 1908 5327; baseline -0.009 -11"><span class='ocrx_word' id='word_1_725' title='bbox 334 5261 577 5327; x_wconf 81' lang='lat' dir='ltr'><strong>exemplo</strong></span> <span class='ocrx_word' id='word_1_726' title='bbox 610 5250 666 5310; x_wconf 70' lang='grc' dir='ltr'><strong>Β.</strong></span> <span class='ocrx_word' id='word_1_727' title='bbox 697 5250 994 5327; x_wconf 81' lang='lat' dir='ltr'><strong>Sebastiani</strong></span> <span class='ocrx_word' id='word_1_728' title='bbox 1013 5256 1272 5327; x_wconf 80' lang='lat' dir='ltr'><strong>martyris</strong></span> <span class='ocrx_word' id='word_1_729' title='bbox 1293 5251 1356 5304; x_wconf 91' lang='lat' dir='ltr'><strong>ad</strong></span> <span class='ocrx_word' id='word_1_730' title='bbox 1362 5253 1538 5327; x_wconf 39' lang='lat' dir='ltr'><strong>“tidem</strong></span> <span class='ocrx_word' id='word_1_731' title='bbox 1562 5250 1757 5303; x_wconf 87' lang='lat' dir='ltr'><strong>Christi</strong></span> <span class='ocrx_word' id='word_1_732' title='bbox 1781 5264 1908 5303; x_wconf 89' lang='lat' dir='ltr'><strong>con-</strong></span> 
     </span>
    </p>
   </div>
   <div class='ocr_carea' id='block_1_100' title="bbox 335 5320 1911 5393">
    <p class='ocr_par' dir='ltr' id='par_1_100' title="bbox 335 5320 1911 5393">
     <span class='ocr_line' id='line_1_101' title="bbox 335 5320 1911 5393; baseline -0.008 -7"><span class='ocrx_word' id='word_1_733' title='bbox 335 5320 569 5393; x_wconf 76' lang='lat' dir='ltr'><strong>versum,</strong></span> <span class='ocrx_word' id='word_1_734' title='bbox 598 5340 650 5381; x_wconf 92' lang='lat' dir='ltr'><strong>et</strong></span> <span class='ocrx_word' id='word_1_735' title='bbox 677 5341 795 5379; x_wconf 91' lang='lat' dir='ltr'><strong>cum</strong></span> <span class='ocrx_word' id='word_1_736' title='bbox 823 5325 966 5376; x_wconf 90' lang='lat' dir='ltr'><strong>omni</strong></span> <span class='ocrx_word' id='word_1_737' title='bbox 995 5320 1276 5379; x_wconf 52' lang='lat' dir='ltr'><strong>domo&#39;sua</strong></span> <span class='ocrx_word' id='word_1_738' title='bbox 1305 5338 1333 5374; x_wconf 92' lang='lat' dir='ltr'><strong>a</strong></span> <span class='ocrx_word' id='word_1_739' title='bbox 1358 5322 1415 5377; x_wconf 89' lang='lat' dir='ltr'><strong>S.</strong></span> <span class='ocrx_word' id='word_1_740' title='bbox 1450 5320 1738 5393; x_wconf 78' lang='lat' dir='ltr'><strong>Polycarpo</strong></span> <span class='ocrx_word' id='word_1_741' title='bbox 1764 5334 1911 5393; x_wconf 81' lang='lat' dir='ltr'><strong>pres-</strong></span> 
     </span>
    </p>
   </div>
   <div class='ocr_carea' id='block_1_101' title="bbox 337 5389 1910 5477">
    <p class='ocr_par' dir='ltr' id='par_1_101' title="bbox 337 5389 1910 5477">
     <span class='ocr_line' id='line_1_102' title="bbox 337 5389 1910 5477; baseline -0.008 -20"><span class='ocrx_word' id='word_1_742' title='bbox 337 5408 522 5477; x_wconf 78' lang='lat' dir='ltr'><strong>bytero</strong></span> <span class='ocrx_word' id='word_1_743' title='bbox 548 5389 909 5477; x_wconf 80' lang='lat' dir='ltr'><strong>baptizatum;</strong></span> <span class='ocrx_word' id='word_1_744' title='bbox 949 5395 1000 5448; x_wconf 90' lang='lat' dir='ltr'><strong>in</strong></span> <span class='ocrx_word' id='word_1_745' title='bbox 1038 5396 1460 5477; x_wconf 39' lang='grc' dir='ltr'><strong>κιαι-ψαίρειτο</strong></span> <span class='ocrx_word' id='word_1_746' title='bbox 1485 5389 1609 5445; x_wconf 76' lang='lat' dir='ltr'><strong>hlss.</strong></span> <span class='ocrx_word' id='word_1_747' title='bbox 1654 5389 1910 5477; x_wconf 46' lang='lat' dir='ltr'><strong>Dar&#39;onius</strong></span> 
     </span>
    </p>
   </div>
   <div class='ocr_carea' id='block_1_102' title="bbox 336 5460 1912 5532">
    <p class='ocr_par' dir='ltr' id='par_1_102' title="bbox 336 5460 1912 5532">
     <span class='ocr_line' id='line_1_103' title="bbox 336 5460 1912 5532; baseline -0.009 -5"><span class='ocrx_word' id='word_1_748' title='bbox 336 5460 521 5527; x_wconf 66' lang='lat' dir='ltr'><strong>scribit</strong></span> <span class='ocrx_word' id='word_1_749' title='bbox 552 5460 690 5523; x_wconf 87' lang='lat' dir='ltr'><strong>hunc</strong></span> <span class='ocrx_word' id='word_1_750' title='bbox 721 5481 823 5519; x_wconf 88' lang='lat' dir='ltr'><strong>una</strong></span> <span class='ocrx_word' id='word_1_751' title='bbox 848 5481 968 5520; x_wconf 91' lang='lat' dir='ltr'><strong>cum</strong></span> <span class='ocrx_word' id='word_1_752' title='bbox 992 5468 1102 5519; x_wconf 87' lang='lat' dir='ltr'><strong>suis</strong></span> <span class='ocrx_word' id='word_1_753' title='bbox 1130 5480 1159 5519; x_wconf 92' lang='lat' dir='ltr'><strong>a</strong></span> <span class='ocrx_word' id='word_1_754' title='bbox 1192 5465 1249 5522; x_wconf 93' lang='lat' dir='ltr'><strong>S.</strong></span> <span class='ocrx_word' id='word_1_755' title='bbox 1274 5465 1620 5532; x_wconf 80' lang='lat' dir='ltr'><strong>Chrysogono</strong></span> <span class='ocrx_word' id='word_1_756' title='bbox 1650 5464 1713 5514; x_wconf 86' lang='lat' dir='ltr'><strong>aJ</strong></span> <span class='ocrx_word' id='word_1_757' title='bbox 1751 5460 1912 5514; x_wconf 76' lang='lat' dir='ltr'><strong>fidem</strong></span> 
     </span>
    </p>
   </div>
   <div class='ocr_carea' id='block_1_103' title="bbox 334 5555 672 5601">
    <p class='ocr_par' dir='ltr' id='par_1_103' title="bbox 334 5555 672 5601">
     <span class='ocr_line' id='line_1_104' title="bbox 334 5555 672 5601; baseline -0.024 -1"><span class='ocrx_word' id='word_1_758' title='bbox 334 5555 672 5601; x_wconf 82' lang='lat' dir='ltr'><strong>conversum.</strong></span> 
     </span>
    </p>
   </div>
   <div class='ocr_carea' id='block_1_104' title="bbox 413 5600 1915 5680">
    <p class='ocr_par' dir='ltr' id='par_1_104' title="bbox 413 5600 1915 5680">
     <span class='ocr_line' id='line_1_105' title="bbox 413 5600 1915 5680; baseline -0.008 -14"><span class='ocrx_word' id='word_1_759' title='bbox 413 5620 435 5647; x_wconf 72' lang='grc' dir='ltr'><strong>ο</strong></span> <span class='ocrx_word' id='word_1_760' title='bbox 476 5610 703 5680; x_wconf 83' lang='lat' dir='ltr'><strong>Papirii.</strong></span> <span class='ocrx_word' id='word_1_761' title='bbox 760 5608 941 5663; x_wconf 83' lang='lat' dir='ltr'><strong>Potius</strong></span> <span class='ocrx_word' id='word_1_762' title='bbox 992 5606 1263 5680; x_wconf 55' lang='lat' dir='ltr'><strong>lfapiniani</strong></span> <span class='ocrx_word' id='word_1_763' title='bbox 1318 5600 1869 5680; x_wconf 60' lang='lat' dir='ltr'><strong>Uticensisepiscopi</strong></span> <span class='ocrx_word' id='word_1_764' title='bbox 1900 5641 1915 5665; x_wconf 93' lang='lat'><strong>,</strong></span> 
     </span>
    </p>
   </div>
   <div class='ocr_carea' id='block_1_105' title="bbox 339 5672 1905 5751">
    <p class='ocr_par' dir='ltr' id='par_1_105' title="bbox 339 5672 1905 5751">
     <span class='ocr_line' id='line_1_106' title="bbox 339 5672 1905 5751; baseline -0.008 -15"><span class='ocrx_word' id='word_1_765' title='bbox 339 5685 451 5751; x_wconf 85' lang='lat' dir='ltr'><strong>qui,</strong></span> <span class='ocrx_word' id='word_1_766' title='bbox 489 5672 641 5751; x_wconf 70' lang='lat' dir='ltr'><strong>juita</strong></span> <span class='ocrx_word' id='word_1_767' title='bbox 694 5681 956 5734; x_wconf 82' lang='lat' dir='ltr'><strong>Victorem</strong></span> <span class='ocrx_word' id='word_1_768' title='bbox 1011 5672 1333 5751; x_wconf 77' lang='lat' dir='ltr'><strong>Uticensem,</strong></span> <span class='ocrx_word' id='word_1_769' title='bbox 1377 5675 1467 5728; x_wconf 83' lang='lat' dir='ltr'><strong>lib.</strong></span> <span class='ocrx_word' id='word_1_770' title='bbox 1494 5689 1537 5751; x_wconf 84' lang='lat' dir='ltr'><strong>_t</strong></span> <span class='ocrx_word' id='word_1_771' title='bbox 1585 5673 1650 5726; x_wconf 90' lang='lat' dir='ltr'><strong>de</strong></span> <span class='ocrx_word' id='word_1_772' title='bbox 1694 5672 1905 5726; x_wconf 82' lang='lat' dir='ltr'><strong>Perseo.</strong></span> 
     </span>
    </p>
   </div>
   <div class='ocr_carea' id='block_1_106' title="bbox 340 5744 1912 5818">
    <p class='ocr_par' dir='ltr' id='par_1_106' title="bbox 340 5744 1912 5818">
     <span class='ocr_line' id='line_1_107' title="bbox 340 5744 1912 5818; baseline -0.011 -7"><span class='ocrx_word' id='word_1_773' title='bbox 340 5744 615 5818; x_wconf 17' lang='lat' dir='ltr'><strong>Wavndal”</strong></span> <span class='ocrx_word' id='word_1_774' title='bbox 635 5750 907 5806; x_wconf 87' lang='lat' dir='ltr'><strong>candentis</strong></span> <span class='ocrx_word' id='word_1_775' title='bbox 932 5749 1051 5801; x_wconf 87' lang='lat' dir='ltr'><strong>l&#39;erri</strong></span> <span class='ocrx_word' id='word_1_776' title='bbox 1076 5747 1285 5818; x_wconf 76' lang='lat' dir='ltr'><strong>laminis</strong></span> <span class='ocrx_word' id='word_1_777' title='bbox 1303 5754 1418 5818; x_wconf 81' lang='lat' dir='ltr'><strong>toto</strong></span> <span class='ocrx_word' id='word_1_778' title='bbox 1445 5744 1664 5818; x_wconf 87' lang='lat' dir='ltr'><strong>adustus</strong></span> <span class='ocrx_word' id='word_1_779' title='bbox 1685 5751 1764 5797; x_wconf 84' lang='lat' dir='ltr'><strong>est</strong></span> <span class='ocrx_word' id='word_1_780' title='bbox 1790 5757 1912 5818; x_wconf 91' lang='lat' dir='ltr'><strong>c_or-</strong></span> 
     </span>
    </p>
   </div>
   <div class='ocr_carea' id='block_1_107' title="bbox 344 5813 1903 5899">
    <p class='ocr_par' dir='ltr' id='par_1_107' title="bbox 344 5813 1903 5899">
     <span class='ocr_line' id='line_1_108' title="bbox 344 5813 1903 5899; baseline -0.011 -17"><span class='ocrx_word' id='word_1_781' title='bbox 344 5840 494 5899; x_wconf 82' lang='lat' dir='ltr'><strong>pore.</strong></span> <span class='ocrx_word' id='word_1_782' title='bbox 523 5813 778 5879; x_wconf 86' lang='lat' dir='ltr'><strong>Similiter</strong></span> <span class='ocrx_word' id='word_1_783' title='bbox 806 5829 860 5876; x_wconf 85' lang='lat' dir='ltr'><strong>ct</strong></span> <span class='ocrx_word' id='word_1_784' title='bbox 888 5818 1191 5874; x_wconf 77' lang='lat' dir='ltr'><strong>Mansuetus</strong></span> <span class='ocrx_word' id='word_1_785' title='bbox 1224 5814 1522 5873; x_wconf 82' lang='lat' dir='ltr'><strong>Uricitanus</strong></span> <span class='ocrx_word' id='word_1_786' title='bbox 1553 5817 1604 5870; x_wconf 92' lang='lat' dir='ltr'><strong>in</strong></span> <span class='ocrx_word' id='word_1_787' title='bbox 1637 5822 1788 5886; x_wconf 77' lang='lat' dir='ltr'><strong>porta</strong></span> <span class='ocrx_word' id='word_1_788' title='bbox 1820 5813 1903 5866; x_wconf 87' lang='lat' dir='ltr'><strong>in-</strong></span> 
     </span>
    </p>
   </div>
   <div class='ocr_carea' id='block_1_108' title="bbox 2016 4806 3531 4889">
    <p class='ocr_par' dir='ltr' id='par_1_108' title="bbox 2016 4806 3531 4889">
     <span class='ocr_line' id='line_1_109' title="bbox 2016 4806 3531 4889; baseline -0.012 -15"><span class='ocrx_word' id='word_1_789' title='bbox 2016 4834 2215 4889; x_wconf 72' lang='lat' dir='ltr'><strong>census</strong></span> <span class='ocrx_word' id='word_1_790' title='bbox 2246 4825 2329 4871; x_wconf 85' lang='lat' dir='ltr'><strong>est</strong></span> <span class='ocrx_word' id='word_1_791' title='bbox 2360 4816 2679 4889; x_wconf 68' lang='lat' dir='ltr'><strong>Fornitana,</strong></span> <span class='ocrx_word' id='word_1_792' title='bbox 2713 4813 2812 4889; x_wconf 82' lang='lat' dir='ltr'><strong>sub</strong></span> <span class='ocrx_word' id='word_1_793' title='bbox 2845 4810 3124 4889; x_wconf 66' lang='lat' dir='ltr'><strong>Ceiserico</strong></span> <span class='ocrx_word' id='word_1_794' title='bbox 3144 4822 3276 4889; x_wconf 70' lang='lat' dir='ltr'><strong>rege</strong></span> <span class='ocrx_word' id='word_1_795' title='bbox 3302 4806 3531 4889; x_wconf 41' lang='lat' dir='ltr'><strong>Aliam);</strong></span> 
     </span>
    </p>
   </div>
   <div class='ocr_carea' id='block_1_109' title="bbox 2087 4874 3602 4941">
    <p class='ocr_par' dir='ltr' id='par_1_109' title="bbox 2087 4874 3602 4941">
     <span class='ocr_line' id='line_1_110' title="bbox 2087 4874 3602 4941; baseline -0.009 1"><span class='ocrx_word' id='word_1_796' title='bbox 2087 4888 2112 4927; x_wconf 76' lang='grc' dir='ltr'>ἀ</span> <span class='ocrx_word' id='word_1_797' title='bbox 2153 4886 2366 4941; x_wconf 73' lang='grc' dir='ltr'><strong>δινηηὶε.</strong></span> <span class='ocrx_word' id='word_1_798' title='bbox 2401 4886 2589 4941; x_wconf 87' lang='lat' dir='ltr'><strong>Potius</strong></span> <span class='ocrx_word' id='word_1_799' title='bbox 2634 4874 2804 4940; x_wconf 80' lang='lat' dir='ltr'><strong>senis.</strong></span> <span class='ocrx_word' id='word_1_800' title='bbox 2846 4886 3023 4938; x_wconf 83' lang='lat' dir='ltr'><strong>Senex</strong></span> <span class='ocrx_word' id='word_1_801' title='bbox 3069 4874 3354 4936; x_wconf 60' lang='lat' dir='ltr'><strong>enim&#39;luit</strong></span> <span class='ocrx_word' id='word_1_802' title='bbox 3404 4880 3460 4929; x_wconf 71' lang='grc' dir='ltr'><strong>ὃ.</strong></span> <span class='ocrx_word' id='word_1_803' title='bbox 3498 4874 3602 4929; x_wconf 83' lang='lat' dir='ltr'><strong>Sa—</strong></span> 
     </span>
    </p>
   </div>
   <div class='ocr_carea' id='block_1_110' title="bbox 2020 4960 2302 5012">
    <p class='ocr_par' dir='ltr' id='par_1_110' title="bbox 2020 4960 2302 5012">
     <span class='ocr_line' id='line_1_111' title="bbox 2020 4960 2302 5012; baseline 0 0"><span class='ocrx_word' id='word_1_804' title='bbox 2020 4960 2302 5012; x_wconf 85' lang='lat' dir='ltr'><strong>turuinus.</strong></span> 
     </span>
    </p>
   </div>
   <div class='ocr_carea' id='block_1_111' title="bbox 2094 5016 3599 5086">
    <p class='ocr_par' dir='ltr' id='par_1_111' title="bbox 2094 5016 3599 5086">
     <span class='ocr_line' id='line_1_112' title="bbox 2094 5016 3599 5086; baseline -0.008 -5"><span class='ocrx_word' id='word_1_805' title='bbox 2094 5041 2116 5067; x_wconf 75' lang='lat'><strong><em>°</em></strong></span> <span class='ocrx_word' id='word_1_806' title='bbox 2158 5028 2441 5081; x_wconf 81' lang='lat' dir='ltr'><strong>Trtmcari.</strong></span> <span class='ocrx_word' id='word_1_807' title='bbox 2476 5027 2573 5082; x_wconf 86' lang='lat' dir='ltr'><strong>Via</strong></span> <span class='ocrx_word' id='word_1_808' title='bbox 2605 5042 2683 5079; x_wconf 85' lang='lat' dir='ltr'><strong>se.</strong></span> <span class='ocrx_word' id='word_1_809' title='bbox 2716 5023 3057 5079; x_wconf 75' lang='lat' dir='ltr'><strong>Nomentana</strong></span> <span class='ocrx_word' id='word_1_810' title='bbox 3093 5019 3348 5075; x_wconf 89' lang='lat' dir='ltr'><strong>miliario.</strong></span> <span class='ocrx_word' id='word_1_811' title='bbox 3392 5016 3599 5086; x_wconf 82' lang='lat' dir='ltr'><strong>Scpulti</strong></span> 
     </span>
    </p>
   </div>
   <div class='ocr_carea' id='block_1_112' title="bbox 2018 5088 3603 5171">
    <p class='ocr_par' dir='ltr' id='par_1_112' title="bbox 2018 5088 3603 5171">
     <span class='ocr_line' id='line_1_113' title="bbox 2018 5088 3603 5171; baseline -0.009 -19"><span class='ocrx_word' id='word_1_812' title='bbox 2018 5108 2198 5153; x_wconf 82' lang='lat' dir='ltr'><strong>autem</strong></span> <span class='ocrx_word' id='word_1_813' title='bbox 2232 5099 2478 5171; x_wconf 67' lang='lat' dir='ltr'><strong>suntsnb</strong></span> <span class='ocrx_word' id='word_1_814' title='bbox 2503 5097 2589 5171; x_wconf 87' lang='lat' dir='ltr'><strong>die</strong></span> <span class='ocrx_word' id='word_1_815' title='bbox 2607 5095 2955 5171; x_wconf 49' lang='lat' dir='ltr'><strong>quarlojfal.</strong></span> <span class='ocrx_word' id='word_1_816' title='bbox 2988 5092 3411 5171; x_wconf 48' lang='lat' dir='ltr'><strong>QCCBIIIUHJlC-(fl</strong></span> <span class='ocrx_word' id='word_1_817' title='bbox 3444 5088 3603 5171; x_wconf 64' lang='lat' dir='ltr'><strong>hodie</strong></span> 
     </span>
    </p>
   </div>
   <div class='ocr_carea' id='block_1_113' title="bbox 2020 5160 3604 5231">
    <p class='ocr_par' dir='ltr' id='par_1_113' title="bbox 2020 5160 3604 5231">
     <span class='ocr_line' id='line_1_114' title="bbox 2020 5160 3604 5231; baseline -0.008 -9"><span class='ocrx_word' id='word_1_818' title='bbox 2020 5172 2297 5223; x_wconf 83' lang='lat' dir='ltr'><strong>coluntur.</strong></span> <span class='ocrx_word' id='word_1_819' title='bbox 2350 5170 2484 5224; x_wconf 89' lang='lat' dir='ltr'><strong>Vide</strong></span> <span class='ocrx_word' id='word_1_820' title='bbox 2528 5160 2665 5222; x_wconf 67' lang='lat' dir='ltr'><strong>Acta</strong></span> <span class='ocrx_word' id='word_1_821' title='bbox 2717 5166 2776 5220; x_wconf 90' lang='lat' dir='ltr'><strong>S.</strong></span> <span class='ocrx_word' id='word_1_822' title='bbox 2811 5163 3051 5220; x_wconf 79' lang='lat' dir='ltr'><strong>Marcelli</strong></span> <span class='ocrx_word' id='word_1_823' title='bbox 3081 5162 3223 5231; x_wconf 86' lang='lat' dir='ltr'><strong>apud</strong></span> <span class='ocrx_word' id='word_1_824' title='bbox 3258 5160 3503 5214; x_wconf 85' lang='lat' dir='ltr'><strong>Bolland.</strong></span> <span class='ocrx_word' id='word_1_825' title='bbox 3538 5160 3604 5210; x_wconf 78' lang='lat' dir='ltr'><strong>ili</strong></span> 
     </span>
    </p>
   </div>
   <div class='ocr_carea' id='block_1_114' title="bbox 2016 5239 2287 5293">
    <p class='ocr_par' dir='ltr' id='par_1_114' title="bbox 2016 5239 2287 5293">
     <span class='ocr_line' id='line_1_115' title="bbox 2016 5239 2287 5293; baseline -0.004 0"><span class='ocrx_word' id='word_1_826' title='bbox 2016 5239 2287 5293; x_wconf 68' lang='lat' dir='ltr'><strong>Januarﬁ.</strong></span> 
     </span>
    </p>
   </div>
   <div class='ocr_carea' id='block_1_115' title="bbox 2093 5298 3339 5380">
    <p class='ocr_par' dir='ltr' id='par_1_115' title="bbox 2093 5298 3339 5380">
     <span class='ocr_line' id='line_1_116' title="bbox 2093 5298 3339 5380; baseline -0.012 -15"><span class='ocrx_word' id='word_1_827' title='bbox 2093 5312 2111 5351; x_wconf 72' lang='grc' dir='ltr'><strong>ί</strong></span> <span class='ocrx_word' id='word_1_828' title='bbox 2162 5314 2370 5380; x_wconf 79' lang='lat' dir='ltr'><strong>Papias.</strong></span> <span class='ocrx_word' id='word_1_829' title='bbox 2399 5309 2473 5363; x_wconf 91' lang='lat' dir='ltr'><strong>De</strong></span> <span class='ocrx_word' id='word_1_830' title='bbox 2498 5307 2603 5380; x_wconf 71' lang='lat' dir='ltr'><strong>his,</strong></span> <span class='ocrx_word' id='word_1_831' title='bbox 2631 5320 2820 5380; x_wconf 66' lang='lat' dir='ltr'><strong>supra,</strong></span> <span class='ocrx_word' id='word_1_832' title='bbox 2843 5302 2964 5357; x_wconf 85' lang='lat' dir='ltr'><strong>vide</strong></span> <span class='ocrx_word' id='word_1_833' title='bbox 2989 5298 3339 5380; x_wconf 46' lang='grc' dir='ltr'><strong>21)]ίῃιιιελινέἱτ</strong></span> 
     </span>
    </p>
   </div>
   <div class='ocr_carea' id='block_1_116' title="bbox 2090 5362 3522 5453">
    <p class='ocr_par' dir='ltr' id='par_1_116' title="bbox 2090 5362 3522 5453">
     <span class='ocr_line' id='line_1_117' title="bbox 2090 5362 3522 5453; baseline -0.013 -18"><span class='ocrx_word' id='word_1_834' title='bbox 2090 5385 2115 5453; x_wconf 58' lang='grc' dir='ltr'>β</span> <span class='ocrx_word' id='word_1_835' title='bbox 2630 5362 2716 5453; x_wconf 54' lang='lat' dir='ltr'><strong>his:</strong></span> <span class='ocrx_word' id='word_1_836' title='bbox 2741 5362 2877 5437; x_wconf 81' lang='lat' dir='ltr'><strong>vide,</strong></span> <span class='ocrx_word' id='word_1_837' title='bbox 2903 5387 3083 5453; x_wconf 48' lang='lat' dir='ltr'><strong>supra:</strong></span> <span class='ocrx_word' id='word_1_838' title='bbox 3116 5373 3202 5425; x_wconf 89' lang='lat' dir='ltr'><strong>die</strong></span> <span class='ocrx_word' id='word_1_839' title='bbox 3231 5366 3303 5421; x_wconf 76' lang='lat'><strong>‘25</strong></span> 
     </span>
    </p>
   </div>
   <div class='ocr_carea' id='block_1_117' title="bbox 2090 5436 3590 5515">
    <p class='ocr_par' dir='ltr' id='par_1_117' title="bbox 2090 5436 3590 5515">
     <span class='ocr_line' id='line_1_118' title="bbox 2090 5436 3590 5515; baseline -0.013 -8"><span class='ocrx_word' id='word_1_840' title='bbox 2090 5449 2118 5489; x_wconf 80' lang='grc'><strong>¹³</strong></span> <span class='ocrx_word' id='word_1_841' title='bbox 2160 5436 2451 5508; x_wconf 54' lang='lat' dir='ltr'><strong>Saturnini.</strong></span> <span class='ocrx_word' id='word_1_842' title='bbox 2483 5448 2641 5515; x_wconf 85' lang='lat' dir='ltr'><strong>Greg.</strong></span> <span class='ocrx_word' id='word_1_843' title='bbox 2675 5436 2901 5509; x_wconf 86' lang='lat' dir='ltr'><strong>Turou.,</strong></span> <span class='ocrx_word' id='word_1_844' title='bbox 2926 5436 2992 5497; x_wconf 78' lang='lat' dir='ltr'><strong>de</strong></span> <span class='ocrx_word' id='word_1_845' title='bbox 3017 5443 3166 5497; x_wconf 87' lang='lat' dir='ltr'><strong>Glor.</strong></span> <span class='ocrx_word' id='word_1_846' title='bbox 3211 5448 3401 5515; x_wconf 79' lang='lat' dir='ltr'><strong>mart._,_</strong></span> <span class='ocrx_word' id='word_1_847' title='bbox 3425 5436 3517 5515; x_wconf 79' lang='lat' dir='ltr'><strong>lib.</strong></span> <span class='ocrx_word' id='word_1_848' title='bbox 3549 5447 3590 5501; x_wconf 88' lang='lat' dir='ltr'><strong>I,</strong></span> 
     </span>
    </p>
   </div>
   <div class='ocr_carea' id='block_1_118' title="bbox 2023 5508 3588 5589">
    <p class='ocr_par' dir='ltr' id='par_1_118' title="bbox 2023 5508 3588 5589">
     <span class='ocr_line' id='line_1_119' title="bbox 2023 5508 3588 5589; baseline -0.016 -8"><span class='ocrx_word' id='word_1_849' title='bbox 2023 5541 2073 5581; x_wconf 89' lang='lat' dir='ltr'><strong>c.</strong></span> <span class='ocrx_word' id='word_1_850' title='bbox 2102 5525 2193 5589; x_wconf 66' lang='lat'><strong>48,</strong></span> <span class='ocrx_word' id='word_1_851' title='bbox 2216 5524 2401 5576; x_wconf 84' lang='lat' dir='ltr'><strong>asserit</strong></span> <span class='ocrx_word' id='word_1_852' title='bbox 2424 5521 2482 5576; x_wconf 86' lang='lat' dir='ltr'><strong>S.</strong></span> <span class='ocrx_word' id='word_1_853' title='bbox 2509 5508 2845 5573; x_wconf 65' lang='lat' dir='ltr'><strong>Saturninum</strong></span> <span class='ocrx_word' id='word_1_854' title='bbox 2875 5508 2941 5589; x_wconf 83' lang='lat' dir='ltr'><strong>ab</strong></span> <span class='ocrx_word' id='word_1_855' title='bbox 2968 5515 3330 5589; x_wconf 78' lang='lat' dir='ltr'><strong>apostolorum</strong></span> <span class='ocrx_word' id='word_1_856' title='bbox 3353 5508 3588 5589; x_wconf 42' lang='lat' dir='ltr'><strong>discipu-f</strong></span> 
     </span>
    </p>
   </div>
   <div class='ocr_carea' id='block_1_119' title="bbox 2027 5575 3599 5659">
    <p class='ocr_par' dir='ltr' id='par_1_119' title="bbox 2027 5575 3599 5659">
     <span class='ocr_line' id='line_1_120' title="bbox 2027 5575 3599 5659; baseline -0.015 -9"><span class='ocrx_word' id='word_1_857' title='bbox 2027 5575 2287 5650; x_wconf 27' lang='lat' dir='ltr'><strong>li&#39;s‘luisse</strong></span> <span class='ocrx_word' id='word_1_858' title='bbox 2319 5575 2656 5648; x_wconf 85' lang='lat' dir='ltr'><strong>ordinatum.</strong></span> <span class='ocrx_word' id='word_1_859' title='bbox 2686 5575 3015 5659; x_wconf 67' lang='lat' dir='ltr'><strong>dissentiens</strong></span> <span class='ocrx_word' id='word_1_860' title='bbox 3059 5598 3087 5634; x_wconf 88' lang='lat' dir='ltr'><strong>a</strong></span> <span class='ocrx_word' id='word_1_861' title='bbox 3138 5580 3314 5659; x_wconf 76' lang='lat' dir='ltr'><strong>seipso</strong></span> <span class='ocrx_word' id='word_1_862' title='bbox 3358 5575 3411 5659; x_wconf 77' lang='lat' dir='ltr'><strong>in</strong></span> <span class='ocrx_word' id='word_1_863' title='bbox 3449 5576 3541 5655; x_wconf 77' lang='lat' dir='ltr'><strong>lib.</strong></span> <span class='ocrx_word' id='word_1_864' title='bbox 3572 5587 3599 5659; x_wconf 65' lang='lat' dir='ltr'><strong>t</strong></span> 
     </span>
    </p>
   </div>
   <div class='ocr_carea' id='block_1_120' title="bbox 2028 5650 3593 5732">
    <p class='ocr_par' dir='ltr' id='par_1_120' title="bbox 2028 5650 3593 5732">
     <span class='ocr_line' id='line_1_121' title="bbox 2028 5650 3593 5732; baseline -0.015 -11"><span class='ocrx_word' id='word_1_865' title='bbox 2028 5667 2187 5731; x_wconf 89' lang='lat' dir='ltr'><strong>H.st.,</strong></span> <span class='ocrx_word' id='word_1_866' title='bbox 2218 5678 2335 5732; x_wconf 88' lang='lat' dir='ltr'><strong>cap.</strong></span> <span class='ocrx_word' id='word_1_867' title='bbox 2364 5660 2452 5722; x_wconf 83' lang='lat'><strong>50.</strong></span> <span class='ocrx_word' id='word_1_868' title='bbox 2478 5660 2564 5714; x_wconf 89' lang='lat' dir='ltr'><strong>ubi</strong></span> <span class='ocrx_word' id='word_1_869' title='bbox 2592 5658 2955 5732; x_wconf 72' lang='lat' dir='ltr'><strong>exipsiusmet</strong></span> <span class='ocrx_word' id='word_1_870' title='bbox 2985 5650 3255 5732; x_wconf 50' lang='lat' dir='ltr'><strong>Saturnnini</strong></span> <span class='ocrx_word' id='word_1_871' title='bbox 3274 5650 3593 5732; x_wconf 13' lang='lat' dir='ltr'><strong>_Actis,‘eju§</strong></span> 
     </span>
    </p>
   </div>
   <div class='ocr_carea' id='block_1_121' title="bbox 2020 5713 3598 5800">
    <p class='ocr_par' dir='ltr' id='par_1_121' title="bbox 2020 5713 3598 5800">
     <span class='ocr_line' id='line_1_122' title="bbox 2020 5713 3598 5800; baseline -0.011 -9"><span class='ocrx_word' id='word_1_872' title='bbox 2020 5713 2636 5800; x_wconf 48' lang='lat' dir='ltr'><strong>&#39;r&#39;tiiék’aii’e&#39;pise&#39;opaius</strong></span> <span class='ocrx_word' id='word_1_873' title='bbox 2663 5713 2869 5781; x_wconf 72' lang='lat' dir='ltr'><strong>in&#39;itium</strong></span> <span class='ocrx_word' id='word_1_874' title='bbox 2898 5725 3059 5780; x_wconf 87' lang='lat' dir='ltr'><strong>Decio</strong></span> <span class='ocrx_word' id='word_1_875' title='bbox 3082 5731 3136 5778; x_wconf 88' lang='lat' dir='ltr'><strong>et</strong></span> <span class='ocrx_word' id='word_1_876' title='bbox 3162 5721 3324 5778; x_wconf 87' lang='lat' dir='ltr'><strong>Grato</strong></span> <span class='ocrx_word' id='word_1_877' title='bbox 3347 5713 3516 5783; x_wconf 77' lang='lat' dir='ltr'><strong>coss.,</strong></span> <span class='ocrx_word' id='word_1_878' title='bbox 3544 5713 3598 5773; x_wconf 86' lang='lat' dir='ltr'><strong>id</strong></span> 
     </span>
    </p>
   </div>
   <div class='ocr_carea' id='block_1_122' title="bbox 2021 5802 2763 5877">
    <p class='ocr_par' dir='ltr' id='par_1_122' title="bbox 2021 5802 2763 5877">
     <span class='ocr_line' id='line_1_123' title="bbox 2021 5802 2763 5877; baseline -0.016 -12"><span class='ocrx_word' id='word_1_879' title='bbox 2021 5818 2121 5877; x_wconf 86' lang='lat' dir='ltr'><strong>est,</strong></span> <span class='ocrx_word' id='word_1_880' title='bbox 2156 5820 2293 5863; x_wconf 86' lang='lat' dir='ltr'><strong>anno</strong></span> <span class='ocrx_word' id='word_1_881' title='bbox 2318 5803 2443 5872; x_wconf 61' lang='lat'><strong>‘2‘}0,</strong></span> <span class='ocrx_word' id='word_1_882' title='bbox 2469 5802 2763 5871; x_wconf 81' lang='lat' dir='ltr'><strong>consignat.</strong></span> 
     </span>
    </p>
   </div>
  </div>
