4022 6200
316 348 443 404 1121

1402 336 1587 395 SECT.
1627 338 1694 394 ll.
1734 367 1802 379 --
1842 339 2397 397 MARTYROLOGIA.

3412 344 3549 399 H22

1519 448 1738 503 EDITIO
1779 448 2234 507 COLONIENSIS.

312 544 630 607 tentissimo,
662 552 716 596 ut
764 541 1042 605 malellcia,
1077 540 1341 607 inquiunt,
1392 541 1646 603 amittas;
1681 541 1772 594 sed
1807 540 1881 593 fe—
1909 549 1958 602 Α
1988 556 2180 610 corpus
2227 544 2470 611 jnssione
2517 545 2855 612 imperatoris
2904 546 3068 601 biduo
3114 548 3165 602 in
3209 547 3324 605 foro
3358 552 3549 622 jucuit,

311 649 394 690 tor
442 637 493 688 in
533 647 750 686 suavem
795 632 1018 686 odorem
1068 639 1300 685 mutatus
1336 640 1438 685 est.
1482 631 1682 685 Deinde
1731 629 1879 684 corio

311 725 511 779 recenti
546 724 769 778 vitulino
801 722 1001 775 nudum
1044 735 1167 775 eum
1198 721 1584 788 constringunt,
1616 728 1669 774 et
1697 719 1761 774 ad
1790 733 1880 773 so-

309 819 413 872 lem
445 816 738 870 terrentem
790 820 1136 882 componunt,
1167 810 1259 866 sed
1290 812 1487 865 virtute
1536 810 1746 863 Domini
1790 824 1881 863 co-

311 909 444 961 rium
478 917 532 959 ut
560 915 697 970 erat,
729 904 889 957 molle
922 902 1230 968 permansit.
1274 899 1476 955 Deinde
1506 902 1725 965 collum,
1769 914 1881 953 ma-

312 1011 412 1050 nus
446 1010 508 1049 ac
534 994 718 1063 pedes,
769 992 973 1045 catenis
1019 991 1206 1045 ferreis
1233 992 1677 1058 constringentes,
1710 990 1883 1043 reclu-

306 1089 443 1141 dunt
474 1087 524 1138 in
553 1084 935 1139 obscurissima
967 1081 1107 1145 loco,
1162 1091 1215 1135 et
1261 1082 1435 1132 statim
1465 1091 1665 1134 catena:
1694 1079 1880 1133 solutae

308 1186 453 1241 sunt,
487 1184 541 1228 et
572 1186 759 1243 magna
814 1172 902 1225 lux
961 1170 1183 1223 infulsit.
1234 1170 1390 1222 Daria
1435 1183 1563 1222 vero
1594 1169 1644 1222 in
1673 1169 1881 1237 publico

313 1267 652 1318 meretricum
686 1261 924 1329 lupanari
956 1260 1189 1326 ponitur,
1238 1258 1333 1312 sed
1368 1260 1448 1312 leo
1478 1258 1546 1313 de
1591 1274 1749 1312 cavea
1791 1274 1881 1314 ve-

312 1359 467 1411 niens
492 1356 557 1408 ad
590 1354 806 1409 tutelam
840 1352 1049 1406 Domini
1087 1352 1278 1406 virtute
1316 1352 1364 1406 ei
1394 1353 1639 1407 donatur.
1671 1353 1767 1420 Qui
1800 1353 1880 1405 in-

303 1460 524 1514 gressus
552 1443 762 1511 cellam,
811 1441 861 1496 in
894 1457 994 1509 qua
1023 1450 1206 1496 sancta
1258 1441 1347 1496 Dei
1386 1444 1438 1497 in
1471 1443 1712 1496 oratione
1747 1458 1881 1510 pro-

307 1543 470 1589 strata
500 1535 728 1603 iacebat,
756 1532 908 1601 juxta
950 1533 1323 1601 prosternitur,
1368 1543 1424 1586 ut
1456 1533 1732 1587 venientes
1762 1548 1790 1585 τι
1822 1547 1881 1587 se

304 1627 612 1695 repelleret.
642 1625 777 1679 Dum
806 1625 919 1679 haec
946 1625 1123 1678 omnia
1155 1624 1433 1679 Celerinns
1459 1624 1767 1691 imperatori
1799 1624 1879 1677 in-

306 1717 570 1783 dicasset,
601 1715 689 1769 ille
712 1715 871 1784 jussit
901 1729 994 1768 eos
1024 1713 1144 1768 duci
1176 1714 1257 1767 via
1289 1713 1494 1768 Salaria
1525 1715 1577 1767 in
1608 1716 1876 1778 arcnario,

300 1817 364 1861 et
394 1808 547 1861 vivos
572 1806 791 1875 deponi,
821 1815 874 1859 et
900 1812 1039 1857 terra
1069 1817 1131 1857 ac
1160 1803 1422 1872 lapidibus
1438 1804 1613 1858 obrui.
1644 1803 1880 1872 Contigit

304 1911 363 1953 ut
394 1901 461 1953 ad
507 1900 648 1954 diem
682 1898 872 1952 natalis
919 1911 1101 1951 eorum
1146 1896 1349 1950 inﬁnita
1383 1897 1561 1965 populi
1596 1896 1875 1949 multitudo
1911 1879 1952 1938 Β

294 1993 694 2041 concurreret:
737 1984 838 2038 hoc
896 1985 1193 2036 nuntiatum
1247 1991 1330 2037 est
1385 1983 1732 2051 imperatori,
1786 1984 1873 2052 qui

297 2080 460 2148 jussit
489 2088 545 2132 ut
572 2077 622 2131 in
654 2076 869 2131 introitu
901 2082 1101 2146 crypta:
1132 2074 1305 2143 paries
1347 2075 1651 2140 levaretur;
1698 2088 1761 2128 ac
1798 2074 1876 2129 sic

303 2170 502 2223 iactum
531 2178 612 2222 est
655 2175 712 2219 ut
739 2180 924 2220 omnes
955 2166 1079 2219 dum
1109 2174 1439 2219 sacramenta
1472 2165 1667 2219 Christi
1701 2166 1875 2235 perci-

304 2266 521 2327 perent,
584 2255 821 2326 martyrii
862 2255 1083 2322 gloriam
1129 2255 1497 2321 celebrarent;
1549 2255 1690 2309 inter
1742 2269 1876 2324 quos

294 2361 464 2403 erant
494 2349 754 2402 Diodorus
785 2348 1063 2416 presbyter
1111 2356 1166 2401 et
1216 2346 1564 2401 Martinianus
1596 2348 1873 2414 diaconus,

298 2449 364 2496 et
406 2439 617 2506 plurimi
662 2438 1002 2492 clericorum.
1034 2436 1155 2503 lpso
1182 2436 1268 2490 die
1309 2438 1445 2490 beati
1493 2436 1648 2505 Egilii
1679 2437 1876 2491 Novio-

302 2529 517 2584 mensis
550 2527 808 2597 episcopi.
849 2527 1033 2581 Romae
1054 2525 1328 2590 Candidae,
1360 2526 1608 2581 Umboni.

377 2621 445 2673 G.
499 2619 559 2672 IV
608 2618 741 2673 Non.
796 2618 1032 2672 Decus.
1063 2614 1341 2669 —Natale
1394 2624 1591 2669 sancta:
1641 2614 1879 2670 Vinianae

300 2711 582 2781 martyris,
614 2710 889 2763 beatorum
923 2717 1215 2777 martyrum
1244 2706 1420 2759 Fausti
1465 2717 1517 2760 et
1549 2706 1782 2760 Dairosze
1814 2709 1877 2760 li-

300 2803 419 2865 lizr,
447 2819 566 2869 qum
586 2801 807 2871 jubente
830 2799 1039 2854 Juliano
1062 2800 1382 2866 imperatore
1409 2800 1667 2864 sacrilego
1697 2800 1876 2854 tandiu

302 2894 598 2961 plumbatis
629 2907 763 2946 casa
793 2899 900 2959 est,
931 2890 1103 2945 donec
1140 2889 1387 2957 spiritum
1421 2890 1698 2953 redderet;
1728 2892 1878 2960 cujus

1989 631 2198 685 tandem
2252 643 2459 701 raptum
2507 643 2660 687 nocte
2697 649 2725 687 a
2752 633 2960 690 Joanne
2994 637 3326 708 presbytero,
3372 644 3553 709 sepul-

1986 727 2096 771 tum
2127 731 2209 773 est
2236 722 2283 773 in
2317 722 2495 786 domo,
2546 722 2632 776 ubi
2667 733 2835 777 mater
2862 735 2919 779 et
2957 741 3110 780 soror
3133 727 3247 797 ejus
3285 731 3549 787 Demetria

1978 810 2085 879 jam
2113 812 2336 876 sepulta-
2366 820 2543 875 erant,
2573 813 2716 880 juxta
2751 816 3003 881 palatium
3051 817 3408 874 Licievanum.
3445 824 3549 877 Bo-

1984 920 2084 958 tnze
2136 906 2311 958 natale
2348 915 2656 959 sanctormn
2689 906 2971 972 Primenti,
3026 909 3290 979 Pontiani,
3333 886 3554 977 Dimini,

1986 993 2223 1056 liimetri,
2276 995 2509 1048 Jubiani.
2564 996 2619 1048 1ιι
2685 998 3014 1063 Mauritania,
3074 999 3281 1067 Severi,
3338 1002 3555 1073 Securi,

1980 1079 2236 1142 Januarii,
2276 1082 2547 1135 Victorini.
2840 1081 2851 1092 “

2053 1175 2117 1225 Α.
2162 1169 2222 1223 Ill
2253 1169 2385 1224 Non.
2424 1172 2660 1224 Deceun.
2686 1173 2924 1241 ——'l‘ingi
2974 1177 3251 1241 metrOpoli
3299 1177 3547 1234 Maurita-

1983 1261 2085 1313 nia:
2119 1262 2293 1315 natale
2321 1263 2491 1314 sancti
2518 1258 2755 1315 Cassiani
2805 1263 3117 1333 presbyteri,
3147 1268 3361 1335 gloriosi
3406 1287 3548 1325 mar-

1984 1350 2134 1419 tyris.
2169 1350 2294 1403 Item
2324 1359 2627 1403 sanctorum
2660 1360 2953 1419 mirtyrum
2995 1351 3199 1407 Claudii
3242 1360 3458 1425 tribuni,
3489 1372 3546 1414 et

1984 1441 2164 1495 uxoris
2201 1441 2317 1509 ejus
2346 1441 2581 1505 Hilario,
2616 1457 2677 1494 ac
2706 1442 2933 1495 ﬁliorum
2962 1443 3170 1498 Jasonis
3197 1456 3249 1499 et
3277 1448 3461 1515 Mauri,
3490 1461 3548 1506 et

1982 1531 2252 1599 sexaginta
2308 1532 2570 1595 militum,
2629 1533 2715 1600 qui
2767 1548 2952 1586 omnes
2998 1535 3063 1587 ad
3119 1538 3544 1602 praedicationem

1988 1623 2129 1677 beati
2183 1622 2502 1692 Chrysanthi
2552 1624 2897 1678 crediderunt
2945 1626 2996 1679 in
3040 1626 3269 1681 Christo.
3301 1629 3451 1695 Quod
3494 1641 3553 1685 ut

1985 1714 2284 1768 nuntiatum
2340 1722 2423 1769 est
2472 1714 2782 1781 imperatori
2826 1714 3166 1781 Numeriano,
3193 1717 3349 1785 jussit
3392 1720 3551 1774 Clau-

1986 1807 2137 1861 dium
2170 1807 2435 1860 tribunum
2465 1807 2664 1875 ingenti
2695 1822 2821 1859 Saxo
2847 1807 3112 1876 alligatum
3147 1810 3465 1880 przecipitem
3494 1813 3545 1866 in

1984 1896 2157 1950 medio
2189 1896 2320 1948 mari
2352 1895 2489 1959 dari,
2521 1896 2717 1949 milites
2745 1911 2871 1949 vero
2902 1899 3255 1966 septuaginta,
3288 1915 3407 1952 cum
3430 1902 3550 1966 qui-

1985 1986 2083 2040 bus
2105 1985 2356 2040 Jasonem
2382 1996 2435 2040 et
2478 1986 2712 2039 Maurum
2763 1987 2897 2039 lilios
2925 1986 3131 2041 Claudii
3176 1989 3386 2058 capitali
3426 2007 3549 2045 sen-

1986 2080 2149 2134 tentia
2184 2078 2379 2147 puniri.
2414 2078 2538 2131 Erat
2582 2087 2758 2131 autem
2809 2079 2860 2131 in
2892 2078 3011 2132 loco
3041 2080 3126 2132 ubi
3156 2080 3399 2134 decollati
3426 2092 3552 2135 sunt

1984 2170 2265 2225 colliculus
2306 2168 2579 2235 antiquus,
2617 2167 2757 2222 hunc
2804 2167 3157 2222 emundantes
3208 2182 3360 2224 nocte
3390 2170 3549 2224 Chri-

1983 2260 2161 2323 stiani,
2196 2260 2356 2313 simul
2385 2258 2439 2312 in
2471 2274 2633 2311 unum
2657 2260 2830 2310 omnia
2862 2273 3086 2327 corpora
3116 2259 3441 2326 sepelierunt
3464 2261 3546 2316 via

1982 2349 2205 2403 Salaria.
2250 2348 2486 2414 Corpora
2544 2358 2719 2399 autem
2766 2345 2975 2399 Jasonis
3023 2359 3079 2401 et
3124 2346 3286 2401 Mauri
3336 2347 3550 2417 collegit

1983 2452 2163 2495 sancta
2224 2438 2444 2501 llilaria,
2502 2438 2683 2492 relicta
2738 2445 2959 2507 martyr,
3012 2438 3099 2491 ubi
3148 2438 3271 2491 dum
3322 2438 3549 2493 assiduis

1983 2532 2311 2586 orationibus
2378 2539 2631 2589 vacaret,
2698 2527 2942 2596 migravit
3003 2530 3067 2581 ad
3130 2529 3425 2582 Dominum.
3492 2531 3547 2584 In

1983 2622 2188 2675 oriente
2230 2618 2487 2682 Mecrobi,
2515 2618 2749 2671 Claudici
2797 2626 2851 2671 et
2904 2617 3113 2671 Felicis.
3148 2618 3201 2670 lu
3248 2617 3549 2673 Nicomedia

1987 2710 2212 2771 Ambici,
2246 2708 2477 2763 Victoris
2507 2719 2555 2761 et
2585 2707 2734 2760 Julii.
2760 2706 2814 2759 In
2848 2704 3021 2760 AfriCa
3042 2706 3269 2772 Claudii,
3293 2706 3546 2774 Crispini,

1983 2803 2222 2871 Magium,
2249 2800 2484 2863 Joannis,
2508 2798 2782 2867 Stephani.
2808 2799 2861 2851 In
2892 2799 3159 2853 Pannonia
3190 2801 3356 2854 sancti
3393 2800 3546 2871 Agri-

1985 2894 2138 2946 colae.

1518 2981 1744 3036 EDITIO
1786 2981 2279 3041 BULLANDI.\N.\.

380 3075 477 3128 Ms.
511 3072 771 3127 Laetiense
811 3071 893 3125 hic
926 3069 1083 3124 habet
1109 3069 1334 3138 elogium
1363 3070 1456 3123 SS.
1486 3070 1803 3136 Chrysanthi
1838 3079 1961 3139 etc
1994 3075 2108 3135 size,
2157 3071 2369 3125 Juliaui.
2407 3070 2488 3127 l...
2522 3069 2698 3139 llumr-
2732 3071 2902 3121 natale
2932 3077 3233 3123 sanctorum
3270 3068 3549 3133 Victorini,

309 3146 481 3199 Dari-az
529 3159 682 3208 supra
742 3142 990 3203 relatum,
1043 3149 1151 3191 tmn
1196 3139 1380 3191 addit:
1415 3141 1613 3192 Eodem
1665 3144 1750 3195 die
1791 3145 1887 3195 ad-

308 3226 502 3336 s'eilnns
546 3220 851 3265 sanctarum
882 3210 1225 3279 reliquiarum
1253 3210 1320 3263 de
1353 3209 1483 3263 urbe
1515 3212 1889 3266 Constantino-

309 3301 382 3336 no
411 3294 570 3335 naua.

306 3300 570 3354 poutana.

383 3375 439 3429 2.
469 3402 539 3413 —
565 3370 761 3426 Notus.
791 3368 957 3423 Vacat
988 3368 1166 3433 Baeda,

382 3464 577 3520 Florus
626 3463 677 3515 in
733 3460 796 3515 A.
827 3470 879 3514 et
916 3460 1002 3524 'l‘.,
1052 3460 1224 3527 primo
1254 3456 1393 3519 loco,
1417 3466 1471 3511 ct
1500 3457 1550 3510 in
1582 3456 1668 3524 L.,
1699 3459 1789 3512 sed
1822 3459 1886 3512 ad

312 3574 348 3612 ι
391 3556 519 3613 Kal.
572 3553 920 3608 Decembris:
955 3549 1288 3621 Cappadocia
1331 3548 1548 3605 civitate
1602 3550 1778 3617 passio
1824 3549 1882 3604 S.

304 3648 536 3718 Longini
580 3644 761 3699 militis
791 3645 879 3713 qui
910 3645 1048 3698 latus
1082 3640 1291 3697 Domini
1331 3641 1511 3695 lancea
1540 3640 1731 3694 dicitur
1757 3656 1884 3711 ape-

305 3740 505 3795 ruisse.
539 3738 639 3804 Qui
673 3749 963 3790 conversus
1007 3734 1073 3787 ad
1117 3733 1273 3788 ﬁdem
1299 3745 1416 3787 cum
1454 3730 1723 3785 Christum
1754 3746 1886 3800 prte-

308 3832 540 3894 dlcaret,
600 3836 778 3881 tentus
829 3830 897 3880 ab
937 3825 1158 3880 Octavio
1208 3823 1479 3892 praelecto,
1529 3832 1802 3892 postquam
1835 3823 1883 3877 ei

313 3923 509 3976 dentes
540 3917 681 3973 ferro
706 3914 963 3972 confracti
994 3924 1117 3969 sunt
1147 3913 1431 3984 linguaque
1461 3912 1718 3979 abscissa,
1743 3910 1886 3982 capi-

314 4013 479 4065 talem
504 4009 662 4063 subiit
695 4008 1037 4061 sententiam.

394 4100 481 4162 νη
516 4097 698 4151 Romae
748 4098 924 4150 natale
958 4097 1017 4152 S.
1059 4095 1341 4161 Primitivi,
1365 4094 1628 4159 Pontiani,
1652 4092 1882 4147 Piminii.

317 4172 459 4225 Alibi
506 4168 649 4231 Veri,
691 4167 891 4229 Severi,
937 4167 1193 4222 Januarii.
1244 4167 1429 4220 Roma:
1484 4166 1541 4220 S.
1571 4166 1597 4194 ⁸
1632 4164 1883 4218 Bibiante.

316 4243 382 4294 Α.
416 4241 504 4301 'l‘.,
537 4237 718 4290 Romae
747 4238 935 4289 natalis
965 4237 1059 4290 SS.
1090 4235 1366 4302 Victorini,
1403 4234 1671 4294 Demetrii.
1696 4244 1753 4287 et
1783 4235 1882 4286 Do-

312 4309 468 4363 natii.
493 4308 581 4374 'l‘.,
618 4306 681 4359 Et
709 4307 885 4374 passio
920 4306 1017 4361 SS.
1068 4306 1351 4374 Primenti,
1394 4306 1661 4370 Pontiani,
1696 4302 1885 4357 Dal‘ro-

1996 3142 2291 3200 Primentii,
2345 3141 2607 3201 Pomani,
2662 3138 2908 3201 Dafrosii,
2956 3140 3178 3192 Demetii
3225 3148 3279 3193 et
3325 3139 3543 3193 Urbani.

2002 3211 2089 3275 D.,
2120 3211 2301 3264 Romae
2328 3208 2587 3264 Juviniani
2621 3217 2669 3259 et
2696 3207 2874 3261 Fausti
2901 3221 3209 3277 martyrum.
3237 3210 3299 3261 Et
3321 3208 3552 3263 Dal'roete

1996 3281 2137 3334 tiliae.
2160 3282 2215 3333 Β.
2240 3280 2456 3347 Agnetis
2475 3278 2744 3331 secundae.
2766 3279 2853 3341 (2.,
2881 3279 3059 3331 lloma:
3084 3279 3268 3331 natalis
3298 3278 3546 3342 Pinienti,

2002 3348 2260 3413 Pontiani,
2290 3346 2515 3401 l’isinni.
2550 3346 2709 3411 Alibi,
2754 3347 2957 3414 Securi,
2993 3348 3247 3410 Januarii,
3286 3347 3545 3411 Vibiaute,

1990 3418 2243 3471 Dairosze.
2278 3419 2360 3479 D.,
2409 3419 2589 3469 Roma:
2630 3420 2802 3469 natale
2849 3416 2945 3469 SS.
3000 3417 3233 3479 Primiti,
3282 3416 3546 3475 Pontiani.

1994 3487 2215 3542 Viniani.
2250 3485 2588 3539 Coenomanis
2623 3486 2832 3539 civitate
2874 3486 3135 3551 depositio
3158 3489 3215 3539 8.
3241 3491 3270 3530 b
3304 3485 3546 3539 Domnoli

1992 3557 2224 3680 Episcopi
2252 3566 2321 3635 ,ει
2364 3557 2505 3609 conl'.
2556 3555 2611 3606 ln
2654 3554 2955 3607 Mauritania
3011 3556 3217 3620 Securi,
3274 3552 3551 3621 Victorini,

2036 3638 2285 3680 ortunatt.

2036 3638 2285 3680 Ol'lllllall.

2062 3722 2116 3778 3.
2146 3750 2213 3764 —-
2242 3724 2305 3776 Ill
2331 3721 2526 3777 Nonas.
2560 3720 2719 3774 Vacat
2752 3719 2925 3773 Baeda.

2066 3814 2149 3879 D.,
2184 3813 2365 3866 Roma:
2395 3815 2415 3843 ε
2440 3811 2641 3865 Claudii
2665 3811 2881 3863 Tribuni
2905 3820 2955 3863 et
2980 3808 3189 3863 llilarize
3211 3809 3392 3861 uxoris
3413 3808 3551 3875 ejus,

1992 3892 2047 3938 et
2072 3884 2275 3938 Jasonts
2300 3895 2351 3936 et
2394 3883 2579 3934 Mauri.
2633 3882 2692 3934 Β.
2724 3882 2782 3933 C.
2835 3880 2916 3941 V.,
2964 3880 3017 3931 In
3068 3880 3281 3933 Oriente
3327 3879 3553 3943 Meroni,

1992 3955 2223 4008 t.laudici
2272 3960 2327 4005 et
2379 3950 2594 4005 Felicis.
2648 3950 2701 4004 In
2754 3948 2927 4003 Africa
2972 3949 3263 4016 Crispinze,
3317 3950 3548 4018 Magnas,

1987 4025 2227 4079 Joannis.
2261 4023 2319 4075 li.
2363 4026 2426 4074 Δ.
2459 4021 2524 4074 τ.
2558 4021 2642 4085 L.,
2676 4021 2730 4074 in
2759 4020 2934 4072 Africa
2968 4024 3140 4073 natale
3167 4021 3265 4073 SS.
3301 4020 3549 4087 Crispini,

1987 4095 2182 4161 Magni,
2222 4091 2463 4161 Joannis.
2495 4091 2558 4144 Τ.
2592 4090 2677 4152 L.,
2726 4091 2811 4161 Et,
2835 4089 3090 4157 Stephani
3124 4102 3440 4161 martyrum.
3469 4089 3555 4161 B_.,

1987 4157 2263 4231 Stephani,
2317 4160 2565 4225 Victoris,
2612 4159 2840 4214 Martini.
2879 4164 2931 4211 ln
2973 4159 3207 4212 Bononia
3253 4160 3352 4213 SS.
3398 4157 3554 4228 Agri-

1987 4230 2117 4289 cola:
2146 4242 2198 4285 et
2223 4231 2250 4270 ἀ
2274 4230 2539 4286 Cassiani.

1711 4392 1873 4447 MITH
1909 4388 2132 4447 NOTIE.

1711 4396 1733 4447 .\
2002 4390 2132 4444 TIE.

393 4501 417 4526 η
448 4491 694 4544 Bibiame.
738 4488 920 4543 Fausti
969 4497 1022 4542 et
1069 4487 1304 4542 Dal'rosze
1346 4486 1487 4539 ﬁliae.
1519 4485 1647 4548 Quae
1667 4392 1891 4552 ?ui)l:itll{e
1909 4390 2277 4546 1:30Claudium
2297 4476 2482 4552 jussit
2510 4474 2859 4552 Numerianus
2890 4471 3403 4552 imperatoringenti
3431 4485 3560 4552 saxo

316 4564 642 4622 imperatore
664 4559 875 4612 Juliano
909 4558 1090 4611 tandiu
1123 4558 1402 4625 plumbatis
1429 4570 1563 4625 esesa
1590 4564 1691 4617 est,
1717 4557 1885 4625 donec

316 4634 561 4700 spiritum
610 4630 873 4700 redderet.
922 4626 1087 4700 Cujus
1125 4623 1323 4700 corpus
1354 4627 1511 4679 biduo
1536 4623 1887 4700 jussu_impc-

320 4692 512 4755 ratoiis
570 4701 619 4749 in
671 4700 783 4751 loro
824 4692 1029 4765 jacuit';
1091 4692 1300 4748 tandem
1354 4703 1561 4761 raptntn
1606 4710 1631 4743 ιι
1679 4692 1885 4746 Joanne

320 4772 655 4839 presbytero,
689 4771 954 4839 sepultum
984 4774 1066 4819 est
1093 4768 1354 4839 indomo.
1396 4765 1481 4839 ubi
1516 4771 1681 4815 mater
1706 4771 1880 4839 _et_so.

322 4833 411 4894 iur
442 4833 554 4906 ejus
587 4833 848 4890 Demetria
875 4836 982 4905 jam
1021 4837 1239 4906 sepulta:
1266 4846 1419 4906 erant
1452 4833 1884 4906 justapalatium

321 4902 652 4965 Licinianum
678 4902 1038 4961 Bonnam—A00.
1065 4902 1139 4959 De
1170 4908 1267 4959 hac
1293 4905 1343 4958 in
1373 4902 1485 4957 Vita
1518 4902 1577 4956 S.
1610 4902 1887 4970 Pigtnenii,

318 4982 392 5035 24
419 4978 608 5033 Martii.

399 5050 424 5087 ι’
460 5047 716 5101 Domnoli.
759 5045 934 5101 Pridie
969 5045 1248 5098 defunctus
1273 5056 1353 5098 cst
1380 5043 1438 5098 S.
1472 5041 1783 5103 Domnolus,
1839 5048 1893 5094 et

321 5122 389 5175 ad
421 5136 541 5174 eum
583 5117 721 5170 diem
771 5117 908 5169 illius
951 5115 1142 5168 festum
1181 5113 1536 5167 anniversaria
1582 5111 1894 5164 celebritate

324 5190 582 5245 recolitur
609 5202 640 5240 a
666 5186 1170 5240 Cenomanensihus.
1202 5184 1304 5237 Sed
1339 5182 1519 5236 nescio
1543 5195 1709 5249 quare
1738 5179 1892 5231 hodie

327 5267 671 5321 memoratur,
706 5256 804 5308 nisi
838 5257 976 5323 quod
1011 5257 1117 5319 ille,
1148 5256 1234 5322 qui
1276 5252 1442 5320 pridie
1477 5253 1701 5316 colatur,
1751 5249 1895 5301 facili

324 5342 512 5386 errore
542 5327 605 5380 ad
636 5336 943 5394 sequentem
975 5324 1112 5375 dietn
1156 5323 1433 5375 referatur.

406 5408 428 5437 ε
464 5396 690 5451 Claudii.
716 5388 837 5459 'Qni
867 5410 930 5447 ex
961 5402 1299 5461 persecutore
1332 5394 1496 5443 lactus
1528 5400 1606 5443 est
1637 5388 1895 5442 Chrisiia-

330 5484 451 5533 nus,
478 5484 599 5522 cum
629 5466 843 5519 vidisset
870 5464 1258 5529 Chrysanthntn
1301 5462 1474 5513 omnia
1524 5469 1783 5533 tormenta
1808 5473 1899 5533 su-

329 5528 626 5611 perantem,
669 5546 721 5589 et
751 5528 1037 5611 audivisset
1078 5548 1199 5585 eum
1243 5533 1373 5583 deos
1418 5528 1652 5607 gentium
1693 5528 1898 5611 apertis

332 5597 628 5665 rationibus
675 5607 1070 5666 conl'utantvm;
1125 5616 1221 5655 neo
1266 5597 1467 5653 tantum
1501 5600 1611 5668 ipse
1643 5598 1704 5648 ad
1740 5597 1895 5668 Iidem

329 5692 619 5735 conversus
644 5684 743 5739 est,
777 5674 872 5728 sed
903 5683 955 5727 et
985 5673 1176 5725 llilaria
1205 5686 1336 5724 uxor
1364 5674 1497 5736 ejus,
1524 5667 1581 5722 et
1612 5668 1700 5720 lilii
1734 5667 1893 5739 Jasun

331 5764 386 5807 et
436 5750 643 5802 Maurus
692 5737 811 5798 cum
859 5743 1188 5813 septuaginta
1246 5741 1540 5804 militibus;
1594 5755 1657 5793 es
1706 5737 1894 5805 quibus

1994 4550 2264 4619 alligatum
2296 4543 2347 4600 in
2377 4548 2579 4619 llutnen
2612 4546 2934 4619 praecipitem
2965 4544 3101 4619 dari,
3132 4543 3479 4619 Inilitesvero
3507 4551 3561 4594 et

1992 4611 2130 4674 [ilius
2171 4621 2333 4687 ipsius
2375 4616 2582 4671 Claudii
2615 4611 2836 4687 capitali
2879 4615 3135 4667 sententia
3171 4612 3359 4687 puniri.
3397 4611 3555 4687 Beata

1991 4700 2167 4742 autem
2192 4681 2405 4742 'llilaria
2446 4700 2564 4738 cum
2609 4686 2834 4736 liliorum
2879 4696 3102 4749 corpora
3136 4682 3454 4749 sepehisset,
3488 4681 3555 4733 ad

1994 4774 2177 4812 eorum
2218 4757 2518 4823 sepulcrum
2562 4768 2720 4805 orans
2763 4754 2918 4817 paulo
2963 4761 3137 4818 posta
3172 4750 3385 4823 paganis
3415 4758 3556 4802 tenta

1994 4830 2235 4897 migravit
2280 4819 2359 4877 'ad
2404 4823 2719 4897 Dominum.
2778 4823 2971 4897 Eorum
3019 4835 3104 4897 res
3151 4833 3316 4886 geSta:
3360 4819 3560 4897 juncta:

1993 4890 2254 4951 habentur
2302 4896 2445 4947 Actis
2481 4894 2577 4948 SS.
2627 4891 2947 4959 Chrysanthi
2978 4901 3030 4945 et
3063 4891 3228 4942 Daha:
3274 4890 3411 4955 apud
3458 4890 3559 4959 Stt-

1994 4967 2168 5032 rium,
2221 4975 2350 5019 tom.
2406 4962 2468 5029 V,
2517 4963 2604 5017 die
2645 4958 2970 5024 25’Uctob.,
3017 4967 3072 5014 et
3113 4959 3251 5028 apud
3299 4961 3440 5012 Petr.
3490 4958 3559 5011 de

1993 5034 2376 5159 NJEICauiani.
2432 5102 2525 5155 llic
2568 5116 2671 5155 non
2717 5098 2981 5162 Bononia‘,
3031 5097 3126 5152 sed
3166 5096 3315 5165 Tingi
3365 5104 3563 5149 metro-

1998 5177 2100 5242 poli
2148 5175 2472 5228 Mauritauim
2504 5172 2798 5238 Tingitanae
2829 5184 3013 5237 passus
3051 5178 3150 5242 est.
3180 5168 3276 5242 Qui
3307 5175 3563 5242 excepto-

1998 5238 2070 5299 ris
2096 5244 2329 5298 ofﬁcium
2357 5246 2448 5297 d‘.u
2471 5258 2684 5311 gerens,
2738 5246 2948 5311 tandem
2996 5238 3205 5311 caelitus
3249 5238 3560 5311 inspiratus,

1997 5316 2324 5368 exsecrabile
2381 5308 2533 5367 duiit
2580 5309 3001 5362 Christianorum
3072 5309 3186 5361 neci
3247 5308 3557 5367 deservire;

2000 5384 2140 5437 unde
2184 5386 2491 5438 renuntiatis
2520 5383 2692 5437 eidem
2723 5378 2919 5443 ol’licio,
2951 5379 3050 5433 sub
3085 5377 3381 5430 Christiana
3426 5388 3557 5427 con-

2001 5454 2227 5507 lessione
2259 5454 2581 5520 triumphum
2604 5454 2798 5504 meruit
2823 5450 3066 5520 obtinere
3094 5446 3336 5520 martyri
3361 5461 3378 5508 ς
3409 5445 3561 5511 cujus

2001 5539 2191 5590 corpus
2224 5524 2274 5575 in
2322 5518 2535 5591 praefata
2565 5521 2782 5591 civitate
2810 5519 3119 5573 tumulatum
3154 5518 3277 5591 inde
3306 5527 3558 5583 processu

2003 5588 2253 5661 temporis
2297 5588 2361 5645 a‘d
2410 5594 2675 5647 εινῐιιιιειιι
2735 5590 3047 5645 linolenscm
3098 5588 3412 5641 translatum
3456 5591 3563 5638 est.

2005 5663 2169 5717 ιἐτιι.
2204 5677 2265 5717 nt:
2295 5663 2492 5715 Ν.ιτ.ιι..
