4054 6190
535 264 672 322 1323

1245 256 1450 314 ΒΕΒΑΞ
1494 252 1946 313 VENEBADILIS
1984 250 2135 306 Ol’l‘.
2175 244 2349 300 PARS
2390 243 2479 301 Ν.
2523 273 2590 284 -
2632 237 3014 298 illSTORlCA.

3662 229 3805 286 Ilii

1806 359 2032 416 EDl'flO
2073 352 2539 410 COLONIENSIS.

599 466 659 519 Β.
689 465 835 518 Ριιιυ.
870 462 1002 516 Non.
1056 461 1293 514 Decuma.
1327 489 1393 499 —-
1435 460 1619 512 Romae
1671 456 1848 511 natale
1894 461 2108 508 sancto-
2136 451 2183 507 Α
2214 455 2509 514 pcraton-s,
2542 444 2803 497 miserunt
2851 449 2908 493 ut
2953 437 3369 491 adducerentur.
3422 431 3805 501 Simpbronius

528 571 648 609 rum
682 565 1000 625 martyrum,
1048 550 1378 620 Simphronii
1411 559 1465 603 et
1494 547 1747 617 Olympii,
1777 544 2107 614 temporibus

528 648 801 702 Valeriani
826 657 876 699 et
904 645 1131 699 Gallieni
1164 645 1570 711 imperatorum.
1601 640 1700 694 llic
1730 638 2108 707 Simphronius

531 739 760 792 traditur
807 736 1057 808 Olympio
1100 734 1335 797 tribuno,
1384 742 1438 785 ut
1470 733 1537 784 ab
1582 746 1645 784 eo
1679 730 1958 783 facultates
2007 726 2108 781 Ne-

530 831 681 884 mesii
715 831 1029 896 requireret,
1084 824 1184 877 sub
1228 838 1502 891 prunarum
1551 819 1986 873 examinatione:
2019 815 2107 883 qui

529 924 886 990 interrogatus
951 934 979 971 a
1052 916 1302 985 praefecto
1353 913 1630 981 respondit
1674 912 1775 966 :Si
1833 911 2108 963 facultates

528 1014 722 1081 quaeris
762 1008 1000 1063 Nemesii
1045 1005 1243 1060 domini
1291 1005 1417 1072 mei,
1454 1004 1565 1071 jam
1612 1017 1703 1057 eas
1738 1000 1927 1054 tradidi
1958 998 2110 1051 Chri-

526 1102 716 1156 stianis
751 1099 1097 1169 pauperibus,
1131 1095 1384 1165 quoniam
1430 1094 1597 1161 ipsius
1629 1102 1809 1153 erant;
1856 1090 1897 1144 si
1929 1099 2106 1141 autem

527 1193 848 1247 sacriﬁcium
881 1206 968 1245 me
1014 1188 1208 1243 offerre
1258 1184 1563 1251 compellis,
1614 1181 1856 1257 sacriﬁco
1896 1178 2109 1233 Christo

529 1283 657 1337 Jesu
688 1281 801 1335 Deo
832 1295 955 1333 meo
1006 1274 1328 1331 sacriﬁcium
1378 1273 1568 1326 laudis.
1602 1264 1772 1324 Iratus
1810 1269 2105 1340 Olympius,

526 1373 654 1426 facit
699 1386 819 1424 cum
870 1368 1083 1422 extendi
1143 1368 1194 1419 in
1248 1373 1445 1417 catasta
1495 1372 1549 1416 et
1595 1360 1822 1415 fustibus
1867 1359 2105 1423 mactari,

526 1464 718 1519 deinde
762 1462 1109 1516 simulacrum
1141 1458 1322 1513 Martis
1366 1470 1586 1509 aureum
1615 1469 1718 1507 una
1745 1468 1864 1506 cum
1901 1450 2110 1519 tripoda

524 1554 743 1611 deferri.
780 1551 929 1617 Quod
984 1553 1164 1603 statim
1201 1547 1264 1601 ad
1317 1548 1479 1600 verba
1508 1544 1835 1613 Simphronii
1890 1542 2110 1613 liquefa-

525 1653 667 1701 ctum
700 1645 839 1698 sicut
868 1645 1053 1696 lutum.
1109 1641 1219 1695 lloc
1251 1640 1438 1692 videns
1468 1638 1746 1708 Olympius
1791 1650 1909 1690 cum
1942 1650 2110 1690 uxore

531 1747 629 1789 sta
656 1734 944 1801 Exnperia,
980 1742 1031 1785 et
1062 1732 1171 1784 ﬁlio
1197 1730 1493 1792 Theodolo,
1529 1736 1928 1797 prostraverunt
1958 1741 2017 1779 se
2041 1724 2105 1779 ad

2212 552 2439 605 namque
2484 535 2770 589 adducitur
2799 531 2992 587 ferreis
3042 528 3271 583 vinculis
3312 536 3556 590 onustus,
3598 520 3803 577 nudus-

2210 643 2315 697 que
2356 644 2418 682 ac
2463 628 2809 695 capistratas.
2844 639 2965 678 cum
2998 622 3248 691 Olympio
3277 630 3330 675 et
3364 634 3533 673 uxore
3565 627 3619 671 et
3665 618 3795 669 ﬁlio.

2210 723 2481 776 Gallienus
2530 721 2663 773 dixit
2711 713 3215 788 OlympiozAdhuc
3270 711 3462 766 differo
3513 723 3795 778 poenarum

2213 813 2306 866 tibi
2341 811 2539 865 inferre
2568 810 2857 878 supplicia,
2885 808 3005 875 quia
3038 806 3104 859 de
3138 813 3224 857 tua
3252 802 3578 857 conscientia
3601 801 3796 855 dubius

2209 919 2349 959 sum.
2407 904 2687 973 Olympius
2731 898 3055 968 respondit:
3091 896 3203 966 Ego
3263 894 3474 961 quidem
3526 906 3635 945 non
3690 888 3794 946 feci

2210 996 2361 1066 quasi
2393 995 2692 1066 Olympius,
2745 991 2838 1046 sed
2889 988 3039 1060 quasi
3083 986 3276 1053 impius
3306 994 3359 1038 et
3398 982 3629 1037 crudelis
3659 999 3673 1035 :
3701 997 3795 1049 pro

2209 1090 2403 1158 quibus
2445 1090 2679 1155 pmniteo
2731 1082 3058 1145 commissis,
3105 1087 3159 1132 et
3188 1076 3401 1132 eﬁ‘undo
3443 1076 3708 1145 lacrymas
3739 1074 3795 1128 in

2211 1182 2501 1240 conspectu
2542 1173 2626 1225 eui
2672 1172 2835 1226 credo
2866 1170 2992 1223 vivo
3040 1176 3094 1220 et
3138 1179 3287 1247 vero.
3342 1164 3490 1217 Tunc
3536 1164 3664 1215 data
3709 1169 3799 1216 est

2210 1268 2495 1329 sententia,
2528 1272 2587 1316 ut
2619 1265 2737 1331 igne
2780 1266 3250 1315 consumerentur.
3277 1253 3428 1307 Ducti
3454 1264 3579 1306 sunt
3608 1252 3796 1321 itaque

2207 1367 2333 1411 ante
2366 1364 2593 1410 statuam
2627 1354 2791 1416 Solis,
2824 1352 3048 1418 ﬁxisque
3084 1350 3137 1402 in
3168 1358 3363 1401 terram
3410 1344 3703 1411 stipitibus,
3730 1343 3795 1395 li-

2208 1447 2344 1517 gatis
2390 1446 2636 1500 manibus
2682 1442 2911 1497 devincti
2957 1449 3110 1501 sunt,
3162 1452 3223 1491 ac
3279 1437 3331 1490 in
3377 1435 3629 1503 congerie
3678 1445 3797 1485 sar-

2210 1548 2515 1594 mentorum
2540 1536 2923 1605 spinarutnque
2948 1531 3084 1601 ignis
3111 1539 3193 1583 est
3220 1528 3551 1596 suppositus,
3582 1528 3794 1579 statim-

2210 1645 2313 1699 que
2353 1628 2403 1682 in
2436 1630 2551 1697 ipso
2588 1627 2725 1696 ignis
2766 1624 2915 1679 initio
2956 1623 3153 1694 gratias
3199 1621 3414 1675 Christo
3441 1618 3797 1672 decantantcs

2212 1722 2505 1776 emiserunt
2533 1720 2779 1788 spiritum
2806 1734 2821 1781 ;
2853 1729 3078 1783 quorum
3111 1712 3374 1781 colligens
3420 1719 3639 1763 sanctus
3674 1708 3800 1764 Ste.

534 1825 692 1893 pedes
738 1794 1091 1890 Simphronii,
1132 1830 1351 1889 agentes
1404 1794 1791 1888 paenitentiam.
1847 1816 2107 1870 Vocatus-
2141 1794 2422 1881 Bphanus
2470 1814 2753 1881 episcOpus
2802 1822 3029 1899 corpora
3091 1803 3359 1875 sepelivit.
3410 1802 3539 1856 Item
3592 1799 3794 1865 Eracli,

522 1929 625 1984 que
654 1916 842 1967 beatus
875 1911 1179 1978 Stephanus
1214 1925 1369 1979 papa,
1404 1908 1547 1961 venit
1587 1917 1742 1961 nocte
1772 1906 1837 1959 ad
1884 1907 2104 1961 domum

523 2006 775 2077 Olympii,
813 2005 1097 2072 baptizavit
1144 2018 1257 2063 eos,
1306 2013 1358 2056 et
1404 2016 1592 2055 omnes
1634 2000 1723 2069 qui
1766 2000 2108 2055 crediderunt

528 2099 580 2153 in
624 2099 781 2151 dotno
807 2095 1060 2165 Olympii.
1091 2093 1243 2159 Quod
1289 2093 1412 2146 dum
1447 2090 1684 2161 praadicti
1715 2088 1964 2143 audirent
2010 2091 2108 2144 im-

2210 1904 2524 1969 Christiani,
2558 1902 2805 1957 Pudenti.

2283 1995 2346 2052 C.
2414 1996 2548 2051 Nox.
2602 1995 2842 2049 Dsceaa.
2878 1990 3017 2044 —ln
3078 1988 3257 2042 Africa
3314 1983 3456 2054 apud
3514 1982 3797 2039 Coloniam

2214 2089 2593 2145 Thebestinam
2638 2087 2815 2140 natale
2855 2092 3055 2139 sancta:
3085 2079 3365 2151 Crispina,
3398 2092 3517 2147 quae
3558 2087 3800 2145 tempore

1798 2201 2025 2258 ΕῡιΤιΟ
2064 2203 2561 2259 ΒΟΙᾸΑΝΟΙΛΝΑ.

591 2301 647 2355 4.
685 2298 723 2351 ιι
766 2298 965 2351 Nonas.
993 2294 1154 2347 Vacat
1179 2293 1354 2347 Baeda.

596 2393 682 2455 l).,
730 2389 913 2441 Romae
939 2393 963 2423 ⁸
989 2382 1329 2455 Symphronii
1355 2393 1430 2455 Aet
1474 2382 1745 2451 Olympii,
1793 2384 1822 2423 δ
1858 2383 2106 2455 Exuperii

522 2474 575 2518 et
599 2452 857 2515 Theodoti
886 2452 1178 2523 martyrum
1205 2469 1232 2504 a
1265 2454 1322 2505 Β.
1350 2452 1495 2506 Sisto
1525 2454 1904 2523 translatorum
1932 2467 1968 2506 ιι
1995 2452 2101 2506 Νο-

522 2547 619 2586 nas
677 2522 1040 2589 Deoi-tnbris,’
1070 2524 1280 2590 quando
1335 2538 1519 2576 eorum
1582 2522 1840 2576 festivitas
1899 2525 2095 2589 agitur.

525 2603 589 2656 C.
628 2600 712 2661 V.,
748 2598 805 2652 8.
834 2601 859 2628 °
890 2598 1130 2648 Barbara:
1182 2593 1431 2659 virginis,
1461 2597 1487 2636 cl
1514 2592 1726 2655 Eraclii,
1778 2593 2096 2656 Christiani,

525 2668 788 2729 Pudentii,
827 2665 1073 2718 Victoris.
1113 2665 1179 2716 Et
1208 2664 1258 2715 in
1289 2662 1536 2715 Lauditia
1570 2664 1781 2717 Felicis.
1817 2664 1877 2715 A.
1908 2662 1969 2715 Τ.
2008 2662 2095 2725 L.,

526 2742 581 2795 In
610 2739 851 2794 Laodicia
888 2735 1061 2787 natale
1102 2734 1198 2787 88.
1248 2732 1459 2791 Felicis,
1494 2732 1711 2798 Eraclii,
1740 2743 1791 2785 et
1826 2732 2100 2787 Prudentii

523 2811 637 2883 μζ,
670 2804 955 2874 Pudentii].
1010 2802 1209 2857 Eodem
1261 2803 1346 2856 die
1395 2803 1695 2857 Aurelianis
1743 2802 1794 2857 in
1845 2802 1964 2856 loco
2012 2803 2103 2871 qui

2225 2304 2444 2346 vocatur
2487 2290 2758 2344 Floriacus
2790 2288 2955 2343 illatio
2992 2287 3229 2357 corporis
3260 2287 3319 2342 S.
3350 2294 3375 2357 ἐ
3409 2285 3676 2340 Benedicti
3704 2287 3801 2339 ab-

2227 2364 2368 2417 batis
2399 2371 2454 2415 et
2488 2362 2757 2415 monachi.
2788 2360 2951 2413 Addit
2978 2360 3042 2412 'l‘.‘
3070 2356 3271 2425 :Cujus
3300 2356 3530 2410 adventu
3557 2358 3800 2409 feruntur

2220 2434 2328 2486 illic
2351 2432 2570 2486 arbores
2600 2431 2863 2484 ﬂoruisse.
2909 2432 2999 2492 A.,
3048 2430 3195 2496 Apud
3227 2428 3561 2480 Antiochiam
3620 2430 3797 2489 passio

2216 2504 2272 2558 8.
2311 2502 2554 2556 Barbara:
2584 2500 2820 2567 virginis.
2852 2502 2909 2553 L.
2935 2500 3071 2552 et'l‘.
3101 2499 3343 2551 eamdem
3371 2498 3564 2549 habent
3589 2498 3798 2548 omisso

2217 2575 2353 2628 loco.
2375 2575 2434 2625 Β.
2448 2613 2460 2636 ,
2477 2570 2659 2624 Roma:
2676 2571 2921 2624 Barbara:
2941 2569 3176 2637 virginis,
3193 2568 3438 2622 Pudenti.
3459 2566 3513 2620 In
3537 2568 3803 2621 Laodicea

2220 2642 2530 2707 tnetr0poli,
2562 2640 2778 2705 Felicis,
2808 2640 3049 2693 Merobii.

2280 2734 2335 2789 5.
2367 2760 2435 2773 --
2466 2732 2645 2785 Νοκιε.
2684 2728 2849 2783 Vacat
2870 2727 3046 2783 Baeda.

2283 2823 2370 2887 B.,
2416 2821 2605 2877 Natale
2635 2820 2696 2879 S.
2729 2821 2747 2860 τ
2788 2818 3035 2875 Dalmatii
3079 2820 3345 2891 martyris.
3379 2818 3440 2873 ι.
3468 2817 3554 2887 8.,
3588 2820 3613 2859 ⁸
3643 2818 3807 2874 Sabre

1935 2909 2144 2967 SMITH
2185 2911 2416 2967 NOTIE.

597 3013 619 3035 ⁸
656 3005 1002 3080 Sympltromi.
1045 3004 1116 3080 De
1150 3004 1239 3080 hii
1261 3004 1377 3058 vide
1403 3003 1472 3080 26
1498 3003 1643 3057 Julii.

597 3092 629 3129 ι)
653 3073 919 3140 Εᾶἰιρενὶί.
954 3076 1166 3128 [tectius
1196 3073 1483 3143 [imperim

602 3164 621 3190 ο
657 3151 921 3202 Barbarie.
968 3148 1095 3209 Quae
1144 3142 1470 3210 temporibus
1516 3142 1819 3197 Maximiani
1846 3156 1998 3209 passa
2024 3151 2109 3197 est

530 3238 626 3293 pro
651 3219 880 3273 Christo.
906 3216 1034 3292 Nam
1063 3223 1207 3279 pater
1232 3215 1345 3280 ejus
1371 3216 1584 3293 nomine
1608 3214 1915 3293 Dioscorus,
1940 3213 2107 3293 ipsam

535 3282 694 3347 illiam
727 3304 875 3341 suam
912 3284 1142 3344 unicam,
1174 3298 1239 3335 eo
1270 3284 1407 3350 quod
1444 3284 1606 3335 nollet
1635 3283 1861 3345 nubere,
1895 3294 1947 3335 et
1979 3282 2109 3336 deos

533 3365 695 3416 falsos
724 3359 920 3417 colere,
956 3352 1134 3407 multis
1167 3353 1450 3405 tormentis
1479 3353 1783 3420 afﬁigehat;
1821 3350 2110 3405 nmissirne

533 3446 660 3485 vero
705 3435 970 3497 prtccepto
1004 3423 1249 3497 prmsidis
1278 3437 1308 3473 a
1335 3436 1429 3497 suo
1465 3420 1899 3497 patredccollata
1923 3430 2025 3497 est,
2057 3432 2111 3475 et

532 3490 852 3567 completum
881 3490 985 3567 r'est
1005 3490 1588 3567 'tnartyriumejusin
1606 3492 1740 3544 bona
1771 3490 2110 3567 confessione

533 3560 670 3627 cum'
699 3570 737 3623 8
769 3566 1016 3625 .Juliana.
1050 3561 1104 3615 In
1147 3560 1452 3615 auctoribus
1482 3563 1546 3615 de
1579 3561 1693 3614 loco
1725 3561 1963 3630 martyrii
1989 3560 2110 3629 ejus

535 3657 719 3710 magna
744 3648 843 3710 gest
884 3636 1272 3710 discrepantia,
1295 3633 1374 3684 his
1405 3633 1455 3683 in
1485 3632 1699 3691 Tuscia,
1733 3630 1836 3683 illis
1866 3630 2111 3710 Nicome-

535 3700 658 3775 dire,
708 3708 974 3776 pleristjne
1010 3703 1275 3776 rAZliopnli
1307 3716 1423 3776 eam
1447 3714 1819 3776 essepassam
1853 3700 2108 3776 tradenti-

537 3769 657 3836 bus.
694 3769 952 3832 Baronius
978 3769 1343 3826 Nicomedinm
1389 3772 1550 3824 fuisse
1598 3772 1769 3823 locum
1799 3769 2109 3824 certaminis

534 3851 838 3911 arbitratur,
870 3855 922 3897 et
951 3860 1053 3895 non
1084 3845 1147 3895 ad
1182 3840 1484 3894 Maximiani
1520 3850 1782 3907 tempora,
1813 3840 1903 3892 sed
1935 3841 2109 3907 potius

534 3923 597 3975 ad
644 3930 884 3984 tempora
925 3912 1191 3967 Maximini
1232 3913 1321 3979 qui
1365 3911 1669 3965 Alexandro
1700 3912 1959 3963 successit
1986 3924 2104 3963 eam

534 3990 718 4045 refert.

609 4064 635 4103 ιι
666 4055 883 4111 Eraclii.
927 4053 1142 4106 Rectius
1190 4050 1365 4103 forsan
1413 4065 1530 4102 cum
1567 4051 1781 4104 Hieron.
1835 4048 2103 4117 Martyrol.

540 4128 822 4192 Heraclea,
866 4139 985 4194 qua:
1031 4134 1111 4176 εει
1151 4121 1250 4175 loci
1296 4135 1488 4174 nomen
1538 4124 1712 4189 potius
1758 4134 1915 4188 quam
1963 4136 2107 4172 mar-

534 4201 685 4255 IVris.

556 4216 943 4321 yrewuBimcdicti.
980 4263 1054 4316 De
1102 4262 1268 4331 prima
1319 4260 1662 4315 translatione
1708 4260 1757 4312 in
1810 4258 2104 4312 Floriacum

534 4354 693 4405 supra
741 4338 932 4403 agitur,
978 4334 1063 4405 die
1107 4333 1163 4405 t_l
1194 4332 1339 4405 Julii.
1388 4331 1668 4405 Postquam
1698 4339 1873 4381 autem
1908 4344 2102 4405 corpus

536 4401 1061 4478 SJBenedictiapud
1114 4401 1408 4478 Floriacum
1451 4401 1746 4478 depositum
1788 4408 1890 4461 est,
1934 4401 2103 4478 varias

534 4479 689 4535 sedes
721 4470 960 4529 nni'tavit.
1010 4472 1137 4525 Nam
1170 4472 1445 4538 ingruente
1476 4472 1898 4523 Normannorum
1930 4470 2101 4531 clade,

541 4564 635 4619 per
677 4544 1031 4610 Βιιιξιιιιύὶειιιι
1085 4542 1557 4619 hucnllucnprout
1590 4539 2108 4619 teinpestasferebat

539 4608 895 4687 diportatum,
942 4610 1239 4687 Amelianis
1270 4611 1319 4662 in
1355 4609 1589 4687 Ecclesia
1617 4612 1672 4663 8.
1706 4608 1893 4687 Arriani
1926 4609 2104 4687 aliquo

541 4677 782 4754 tempore
825 4684 1086 4754 consedit,
1140 4683 1327 4745 donec,
1361 4681 1517 4754 rebus
1551 4682 1767 4754 pacatis,
1806 4677 2103 4754 Floriacnm

539 4749 763 4813 relatum
807 4762 909 4808 est.
958 4752 1225 4818 Duplicetn
1256 4764 1284 4802 a
1312 4749 1496 4816 priscis
1537 4750 1841 4802 auctoribus
1887 4749 2105 4814 hujusce

541 4829 661 4882 festi
686 4840 899 4880 causam
946 4833 1187 4890 repetere
1224 4820 1367 4884 licet,
1396 4822 1816 4890 quarumaltera
1846 4821 2106 4890 quodam-

540 4897 697 4951 modo
741 4888 1022 4964 primaria,
1055 4891 1219 4964 altera
1260 4888 1940 4964 seciitidaria_dicipotest.
1966 4888 2107 4964 _Pri-

542 4970 705 5020 maria
741 4958 806 5018 ex
840 4963 1149 5030 Adelberto,
1195 4960 1520 5023 Adrevaldo,
1566 4959 1623 5013 S.
1668 4962 1849 5013 Udone
1895 4958 2105 5019 abbate,

539 5039 760 5100 aliisque
808 5035 1088 5101 profertur,
1135 5030 1381 5101 nimirum
1424 5031 1700 5101 tumulatio
1729 5032 1785 5082 8.
1833 5030 2104 5084 Benedicxi

543 5125 574 5157 ιι
642 5098 854 5162 basilica
882 5103 939 5156 8.
972 5103 1149 5156 Maria:
1195 5100 1281 5153 die
1328 5100 1425 5153 hoc
1471 5098 1626 5151 facta.
1656 5100 1861 5167 Quippe
1892 5113 2013 5153 cum
2045 5102 2102 5150 8.

548 5174 810 5229 Ιςιιιιεώιιί
852 5188 1045 5240 corpus
1091 5187 1155 5225 ex
1204 5178 1382 5223 monte
1428 5167 1647 5222 CaSsino
1700 5166 2104 5240 traftslatttttritt

546 5243 925 5299 unumsterium
950 5238 1308 5294 ‘FloriaCcnse
1339 5240 1389 5291 in
1421 5241 1708 5292 oratorium
1742 5239 1799 5294 S.
1835 5243 1971 5292 l'etrt
2013 5238 2106 5291 de-

545 5316 791 5385 positum
815 5311 1033 5385 fuisset;
1078 5316 1128 5385 in
1155 5325 1220 5385 eo
1245 5310 1429 5385 tandm
1458 5312 1672 5385 mansit,
1708 5310 1876 5363 donec
1902 5309 2107 5385 cicon-

545 5380 673 5454 grua
704 5383 859 5438 sedes
900 5383 954 5435 in
992 5382 1210 5454 ecclesia
1240 5381 1299 5433 8.
1341 5380 1527 5454 alariae
1553 5380 1961 5454 paia_retur,_ubi
1994 5387 2108 5429 tan-

544 5448 667 5510 dem
707 5454 1023 5508 collocatum
1067 5451 1229 5504 luisse
1275 5450 1445 5520 pridie
1488 5448 1623 5503 Non.
1655 5449 1901 5503 Decemb.
1929 5456 2111 5520 narrat

545 5525 864 5579 Adetbertus
914 5521 1226 5586 monachus,
1277 5519 1332 5575 et
1379 5520 1652 5572 Aimoinus
1696 5529 1812 5586 post
1860 5534 2002 5583 cum,
2055 5519 2105 5570 in

548 5594 726 5649 libello
767 5594 833 5645 de
876 5593 1244 5646 'l'ranslatione
1268 5590 1325 5644 8.
1360 5588 1647 5643 Benedicti.
1685 5589 1851 5643 Porro
1882 5588 2107 5641 tumula-

551 5663 712 5715 tionis
742 5662 857 5715 dies
879 5663 946 5716 ab
975 5678 1037 5715 eo
1067 5672 1300 5731 tempore
1327 5660 1587 5714 celebrata
1612 5671 1687 5714 eat
1719 5667 1824 5713 tum
1861 5658 2104 5727 Fortaci,

2140 3007 2185 3068 C
2228 3011 2337 3057 tum
2396 3002 2448 3057 in
2507 3001 2775 3071 plerisque
2827 2999 3014 3056 Galliae
3060 3001 3421 3071 monasteriis.
3459 3000 3799 3062 ,Secundaria

2214 3088 2376 3126 causa
2404 3081 2486 3127 est
2512 3070 2703 3126 relatio
2731 3086 2825 3126 seu
2855 3072 3021 3125 illatio
3063 3070 3304 3139 corporis
3330 3074 3390 3126 8.
3426 3073 3698 3127 Bcnedicti
3733 3090 3803 3130 ex

2217 3141 2347 3197 urbe
2410 3143 2812 3197 Aurelianornm
2873 3141 2924 3195 in
2981 3143 3361 3195 monasterium
3418 3141 3795 3206 Floriacense,

2212 3229 2333 3279 quae
2372 3214 2512 3266 circa
2560 3214 2909 3280 principatum
2950 3209 3327 3265 Carolomanni
3370 3212 3509 3264 circa
3554 3228 3646 3268 an.
3692 3211 3797 3267 883

2214 3283 2349 3337 facta
2379 3291 2482 3339 est.
2531 3282 2655 3337 Haec
2686 3282 2942 3336 festivitas
2972 3295 3090 3348 qua:
3118 3282 3216 3335 sub
3243 3283 3456 3335 nomine
3476 3284 3795 3335 tumulatio-

2215 3352 2296 3406 nis
2351 3352 2696 3420 celebratur,
2748 3361 2929 3420 postea
2984 3351 3235 3404 illationis
3299 3368 3489 3405 nomen
3542 3354 3787 3414 obtinuit,

2212 3430 2267 3476 et
2315 3422 2682 3475 tumulationis
2738 3420 3053 3489 antiquioris
3106 3420 3428 3475 celebritatis
3481 3423 3793 3476 memoriam

2212 3492 2537 3546 obscuravit.
2588 3491 2716 3548 Vide
2741 3490 2809 3547 de
2840 3492 2937 3544 hac
2979 3491 3217 3547 itlatione
3264 3492 3314 3545 iu
3358 3491 3645 3545 Mabillonti
3694 3508 3791 3546 sa:-

2212 3562 2331 3616 culo
2353 3577 2420 3623 tv,
2450 3571 2582 3628 part.
2612 3577 2666 3616 ιι.

2292 3633 2311 3673 ῐ
2351 3631 2611 3685 Dalmatii.
2638 3631 2738 3697 Qui
2765 3632 2831 3686 de
2854 3629 2999 3685 Italia
3042 3628 3137 3685 fuit
3178 3632 3433 3685 oriundus
3463 3644 3612 3700 patre
3641 3648 3793 3687 seua-

2214 3710 2347 3766 tore,
2378 3710 2432 3756 et
2460 3702 2684 3770 primum
2720 3703 2889 3768 Albae,
2922 3702 3114 3755 deinde
3136 3700 3307 3755 Ticini
3340 3705 3666 3770 prazdicavit,
3702 3705 3793 3757 ubi

2215 3773 2499 3839 episcOpus
2529 3774 2854 3825 constitutus
2893 3780 2992 3825 est.
3033 3771 3233 3827 Deinde
3271 3774 3335 3825 ad
3376 3772 3576 3826 Gallias
3625 3785 3792 3826 trans-

2212 3843 2349 3908 iens,
2398 3842 2657 3910 plurimos
2688 3842 2752 3895 ad
2786 3841 2940 3895 ﬁdem
2968 3844 3229 3895 convertit
3260 3859 3274 3907 ;
3304 3852 3355 3895 ct
3384 3844 3638 3909 postitmc,
3669 3848 3793 3896 dum

2213 3913 2276 3964 ad
2306 3927 2456 3965 suam
2488 3912 2685 3966 rediret
2717 3912 3030 3979 Ecclesiam,
3072 3913 3222 3978 juxta
3269 3910 3465 3965 fluinen
3509 3913 3680 3965 Ticini
3722 3918 3790 3964 ah

2213 3982 2513 4053 inﬁdelibus
2553 3991 2758 4051 captus,
2802 3992 2855 4053 et
2902 3982 2954 4034 in
2998 3982 3221 4053 cerebro
3263 3985 3452 4053 gladiis
3483 3997 3791 4051 percussus,

2214 4052 2526 4123 martyrium
2551 4052 2856 4123 complevit.
2886 4053 3050 4106 Ιέτιι.
3086 4067 3150 4105 οε
3181 4052 3366 4107 Num.
3419 4054 3700 4111 Baronius.
3738 4056 3789 4105 in

2213 4123 2389 4183 ωλι-ι..
2418 4136 2538 4174 eum
2567 4122 2738 4189 Papia:
2762 4137 2971 4189 passum
3003 4124 3207 4174 scribit.

2290 4194 2315 4231 ε
2345 4192 2515 4247 Saba.
2554 4194 2625 4244 Ex
2655 4191 2939 4245 Mutalasca
2972 4191 3087 4244 vico
3113 4192 3249 4259 apud
3275 4192 3620 4260 Cappadocas
3658 4194 3793 4246 satis

2212 4261 2441 4315 obscuro
2487 4261 2761 4314 nobilioris
2806 4262 3126 4315 conditionis
3170 4264 3478 4329 parentibus
3504 4262 3710 4315 Joanne
3740 4275 3795 4315 et

2214 4332 2410 4400 Sophia
2434 4333 2556 4385 orti.
2588 4332 2686 4397 Qui
2717 4341 2871 4385 natus
2897 4342 2979 4384 est
3003 4346 3140 4384 anno
3170 4334 3295 4396 A39,
3336 4334 3474 4386 Puer
3499 4335 3675 4385 adhuc
3707 4335 3797 4383 in-

2214 4404 2453 4454 stitutum
2504 4403 2852 4455 monasticum
2905 4406 2952 4452 in
2999 4403 3166 4468 patria
3195 4416 3289 4455 sua
3318 4404 3617 4469 ampleXus,
3658 4418 3790 4455 xvttt

2218 4486 2384 4524 annos
2412 4481 2564 4525 natus
2596 4473 2645 4523 in
2681 4472 3013 4524 Palaestinam
3050 4472 3206 4524 venit.
3242 4474 3429 4525 Mausu
3461 4475 3509 4525 in
3540 4474 3798 4525 emnobo

2214 4543 2366 4595 annis
2394 4542 2477 4595 ΓΙ.
2510 4546 2665 4613 Anno
2695 4542 2822 4606 484,
2853 4541 3025 4613 astatis
3052 4539 3144 4609 45,
3180 4544 3493 4613 presbyterii
3520 4544 3799 4606 Ordinem.

2218 4620 2273 4664 et
2314 4626 2514 4679 magna:
2560 4612 2745 4664 Latna:
2788 4610 3157 4679 prafecturam
3183 4614 3237 4666 in
3258 4627 3319 4666 se
3342 4610 3599 4675 suscepit.
3636 4615 3801 4665 Anno

2211 4681 2337 4745 51H,
2386 4682 2651 4735 dedicatio
2693 4697 2848 4733 nova:
2904 4683 3146 4735 ecclesia:
3200 4682 3441 4751 Deiparae
3492 4682 3735 4743 Virginis
3766 4698 3802 4737 ι

2214 4752 2270 4804 8.
2304 4753 2444 4805 Saba
2473 4752 2663 4804 abbate
2690 4760 3007 4813 constructa:
3037 4755 3101 4802 ab
3135 4752 3243 4805 Elia
3284 4754 3537 4820 episcopo
3568 4751 3801 4805 Jeroso-

2211 4822 2467 4890 lytnitano
2512 4834 2720 4889 peracta
2750 4831 2830 4875 est
2862 4822 3032 4888 primo
3072 4821 3223 4884 Julii,
3273 4822 3565 4875 indictione
3614 4838 3800 4887 nona,

2211 4903 2403 4960 agente
2441 4907 2630 4959 magno
2679 4893 2815 4945 Saba
2856 4906 3050 4943 annum
3105 4893 3277 4945 aetatis
3316 4894 3406 4946 65.
3458 4894 3616 4944 Anno
3660 4890 3803 4957 ΞΗ,

2209 4962 2265 5015 8.
2315 4962 2449 5017 Saba
2498 4968 2564 5013 ab
2612 4961 2725 5014 Elia
2764 4962 3015 5029 episcopo
3045 4963 3110 5015 ad
3141 4965 3518 5029 imperatorem
3562 4968 3808 5016 Anasta-

2209 5032 2347 5084 sium
2398 5033 2599 5099 legatus
2646 5034 2840 5084 missus
2884 5041 2986 5097 est,
3027 5042 3082 5085 et
3128 5034 3353 5085 obtinuit
3380 5034 3444 5086 ab
3470 5034 3813 5101 imperatore

2212 5101 2381 5155 Etiam
2426 5116 2535 5171 sua
2563 5101 2691 5154 sede
2736 5115 2839 5155 non
2871 5103 3267 5156 dimovendum.
3316 5102 3479 5156 Recte
3509 5106 3815 5171 consignat

2213 5172 2313 5242 hoc
2341 5187 2480 5225 anno
2510 5169 2768 5224 Baronius
2817 5179 3041 5225 mortem
3071 5176 3129 5228 8.
3164 5175 3322 5227 Salia:
3359 5173 3587 5231 abbatis.
3628 5169 3813 5242 quam

2211 5240 2445 5311 Cyrillus
2488 5244 2778 5295 menachus
2821 5247 2871 5294 in
2922 5244 3037 5307 ejus
3070 5243 3208 5307 Vita,
3254 5244 3342 5297 die
3370 5242 3403 5295 5
3434 5240 3663 5297 rnensis'
3690 5243 3815 5296 De-

2221 5312 2395 5363 cemb.
2458 5313 2659 5365 decima
2712 5313 3041 5376 indictione,
3096 5312 3356 5367 accidisse
3411 5323 3580 5366 notat.
3645 5312 3814 5366 Hanc

2218 5378 2397 5449 Cyrilli
2450 5380 2617 5451 Vitam
2666 5381 2849 5437 Graece
2898 5394 2959 5437 et
3016 5383 3202 5438 Latine
3251 5384 3535 5451 publicavit
3579 5380 3820 5437 Colote-

2215 5456 2329 5522 r_i_us
2370 5452 2419 5503 in
2462 5450 2790 5507 Monument.
2823 5456 3075 5509 Ecclesia:
3123 5450 3343 5508 Gracrzc.
3376 5454 3561 5522 Ipsius
3596 5468 3820 5521 corpus

2223 5520 2470 5574 Vcnetnas
2532 5530 2841 5578 translatum
2902 5526 3062 5579 tradit
3116 5524 3372 5579 Batonius
3403 5520 3475 5579 Vin
3530 5520 3819 5578 Notis'ad

2214 5591 2662 5660 Martyrologium.
