4054 6190
387 330 521 383 1123

1518 324 1708 380 SECT.
1752 325 1818 378 11.
1858 355 1924 367 --
1959 324 2517 382 MARTYROLOGIA.

3505 335 3636 389 “50

1633 437 1859 492 EDITIO
1897 437 2368 497 COLONIENSIS.

376 535 635 605 pra'sidis,
677 533 896 602 plurima
947 541 1211 586 tormenta
1247 544 1517 599 perpessa,
1558 530 1849 585 novissime
1890 532 1941 584 in
1971 538 2018 594 Α
2049 535 2176 587 lenti
2225 542 2367 599 sunt,
2415 543 2467 588 et
2510 548 2601 587 ora
2643 534 2876 601 ipsorum
2925 535 3184 604 lapidibus
3217 544 3460 606 contusa,
3509 557 3633 596 rur-

375 626 598 694 equuleo
629 640 885 691 suspensa
929 633 985 679 et
1013 623 1356 692 cxungulata,
1409 620 1594 676 faculis
1642 622 1951 677 ardentibus

373 732 436 771 ex
489 729 710 779 utroque
767 716 932 769 latere
983 715 1264 783 appositis,
1313 711 1507 766 hausto
1552 713 1675 781 igne
1702 714 1949 781 spiritum

371 809 626 870 reddidit,
667 820 719 859 et
775 805 1120 860 cernentibus
1167 804 1484 859 Christianis
1536 803 1588 856 in
1634 804 1813 869 specie
1861 818 1950 858 co-

375 900 568 950 lumba:
597 901 765 950 nivea:
792 897 909 964 ejus
937 897 1112 948 anima
1138 895 1334 948 caelum
1360 893 1532 962 petiit.
1564 892 1728 961 Cujus
1753 908 1949 960 corpus

373 1002 463 1054 per
489 986 718 1039 triduum
759 985 914 1054 jussu
961 985 1206 1053 przesidis
1269 983 1521 1052 pependit
1570 984 1622 1036 iu
1655 983 1814 1051 ligno.
1845 982 1949 1038 Sed

367 1079 452 1132 cui
483 1093 586 1131 non
629 1077 860 1130 humana
892 1075 1127 1135 fuerant,
1177 1073 1358 1127 divina
1387 1081 1512 1127 sunt
1539 1088 1796 1128 concessa
1833 1088 1952 1125 mu~

370 1183 518 1221 nera.
570 1167 699 1220 Nam
759 1168 845 1219 nix
877 1165 1108 1232 desuper
1135 1164 1327 1232 puellae
1373 1178 1569 1231 corpus
1610 1163 1860 1232 aspersit,
1894 1174 1950 1218 ut

369 1258 506 1326 quod
537 1273 600 1311 et
631 1265 856 1321 utraque
887 1265 1035 1323 parte
1061 1254 1334 1322 appositus
1359 1252 1498 1322 ignis
1514 1254 1720 1308 ardoris
1747 1254 1829 1307 sui
1861 1254 1949 1308 in-

369 1349 556 1403 ccndio
589 1349 1028 1415 conflagraverat,
1063 1346 1220 1398 nivali
1268 1345 1501 1399 candore
1526 1354 1838 1413 coopertum
1870 1346 1948 1398 di-

367 1441 488 1490 vina
520 1441 688 1506 gratia
715 1438 1011 1492 dealbaret.
1065 1437 1261 1506 Sicque
1287 1451 1318 1490 a
1349 1435 1949 1492 Cltristianis‘reveren-

371 1540 450 1583 ter
499 1532 697 1595 ablata,
748 1539 803 1583 et
849 1529 1136 1582 devotione
1178 1527 1359 1581 debita
1408 1527 1507 1580 sub
1574 1541 1731 1580 sacro
1785 1526 1945 1579 altari

364 1623 627 1690 deposita,
653 1622 1030 1675 miraculorum
1057 1620 1222 1687 gratia
1242 1619 1560 1674 illustratur.
1583 1617 1737 1687 Apud
1761 1616 1949 1686 prteftt-

366 1725 471 1768 tam
519 1715 705 1768 urbem
735 1715 915 1779 passio
946 1724 1142 1766 sancta:
1167 1711 1341 1777 Julite,
1389 1726 1505 1780 qua:
1547 1709 1645 1764 fttit
1674 1710 1948 1778 convirgi-

366 1805 504 1858 nalis
549 1807 716 1858 beata:
751 1805 993 1870 Eulalia),
1027 1818 1256 1873 quaeque
1287 1804 1364 1857 illi
1397 1802 1460 1855 ad
1493 1803 1796 1871 passionem
1825 1816 1947 1871 pro-

2055 613 2282 693 su'mque
2330 627 2557 692 equuleo
2601 627 2746 690 torti,
2791 635 2845 681 et
2886 638 3003 694 post
3043 629 3154 683 bare
3181 630 3269 683 diu
3319 633 3369 684 in
3413 647 3628 687 carcere

2057 721 2332 784 macerati,
2383 721 2671 775 novissime
2716 721 2893 791 gladio
2933 730 3056 775 sunt
3097 723 3353 790 percussi.
3411 725 3627 782 Viennae

2055 810 2228 865 sancti
2270 810 2492 864 Sindulfi
2524 811 2754 881 episcopi
2786 821 2837 865 et
2867 813 3208 868 confessoris.

2126 901 2182 954 Β.
2220 901 2280 955 111
2313 902 2428 956 lous
2469 902 2703 956 Ducena.
2740 932 2808 943 --
2842 903 3074 958 Dauielis
3116 907 3405 974 propheta).
3444 908 3630 962 Romae

2052 989 2264 1044 Damasi
2314 1007 2482 1061 paptr,
2510 994 2599 1062 qui
2643 993 2780 1048 rexit
2815 995 3107 1049 Ecclesiam
3139 1012 3306 1049 annos
3352 998 3536 1054 decem
3576 1008 3632 1055 et

2052 1091 2195 1147 octo,
2227 1099 2437 1139 menses
2463 1095 2592 1152 tres,
2617 1086 2731 1140 dies
2763 1087 2916 1139 duos.
2946 1088 3037 1141 llic
3059 1087 3329 1142 constituit
3355 1099 3412 1144 ut
3439 1090 3634 1146 Psalmi

2061 1173 2148 1225 diu
2202 1181 2470 1239 noctuque
2509 1186 2836 1228 canerentur
2868 1191 2962 1244 per
3009 1193 3194 1230 omnes
3223 1180 3497 1233 ceclesias.
3538 1181 3633 1235 Hic

2056 1263 2220 1315 multa
2281 1277 2506 1332 cerpora
2560 1273 2869 1318 sanctorum
2931 1268 3227 1332 requisivit,
3297 1277 3350 1323 ct
3409 1271 3631 1335 invenit,

2050 1366 2276 1421 quorum
2322 1355 2631 1407 memoriam
2679 1355 2838 1409 etiam
2880 1357 3122 1409 versibus
3151 1359 3460 1414 declaravit.
3501 1360 3630 1415 ltem

2051 1439 2235 1496 Roma:
2279 1443 2455 1495 natale
2499 1451 2803 1496 sanctorum
2851 1452 3148 1513 martyrum
3185 1446 3447 1515 Pontiani,
3483 1447 3625 1502 Prm-

2050 1536 2234 1586 texmti
2289 1543 2449 1602 atque
2491 1534 2767 1600 Tarsonis,
2819 1537 2906 1603 qui
2954 1545 3143 1607 potens
3187 1547 3239 1592 et
3297 1539 3531 1607 locuples
3560 1541 3628 1595 de

2053 1623 2392 1676 facultatibus
2419 1625 2530 1677 suis
2560 1638 2682 1678 cum
2715 1635 2856 1680 esset
2885 1625 3238 1690 Christianus,
3263 1631 3460 1683 sanctis
3484 1645 3626 1684 mar-

2053 1711 2259 1781 tyribus
2308 1713 2359 1765 in
2392 1713 2702 1768 carceribus
2747 1725 2800 1768 et
2843 1716 2891 1768 iu
2925 1718 3154 1770 metallis
3182 1715 3470 1784 damnatis,
3509 1721 3623 1774 vic-

2053 1811 2160 1854 tum
2193 1804 2547 1870 ministrabat,
2577 1819 2673 1874 per
2699 1809 2910 1861 beatum
2943 1807 3197 1861 Sisinium
3240 1819 3293 1863 et
3317 1807 3619 1878 Cyriacum,

363 1896 567 1961 peranti
621 1893 888 1948 individua
943 1908 1124 1947 comes
1172 1905 1226 1947 et
1277 1894 1475 1947 sodalis
1521 1892 1769 1947 adltmsit.
1811 1891 1939 1944 Item
1973 1885 2020 1944 Β
2048 1909 2151 1948 non
2185 1904 2304 1962 post
2333 1896 2500 1949 multo
2540 1907 2592 1950 et
2624 1898 2738 1965 ipse
2765 1906 2940 1950 tentus
2977 1913 3004 1949 a
3039 1897 3356 1951 Maximiano
3391 1902 3620 1966 palmam

373 1987 512 2054 apud
541 1987 798 2054 Hispalim
824 1987 1110 2049 civitatem,
1155 1994 1459 2039 sanctorum
1498 1992 1788 2054 martyrum
1815 1984 1943 2037 Car-

364 2077 584 2144 cophori
617 2077 933 2146 presbyteri,
967 2088 1017 2128 ct
1049 2075 1278 2128 Abttndii
1304 2075 1536 2138 diaconi,
1569 2076 1657 2144 qui
1690 2087 1942 2143 persecu-

365 2170 508 2220 tione
541 2167 871 2227 Diocletiani,
902 2165 1200 2236 subjudice
1231 2167 1490 2220 Martiano
1522 2166 1572 2219 in
1604 2166 1942 2222 confessione

361 2258 556 2310 Christi
582 2259 752 2326 primo
781 2257 1007 2312 fustibus
1030 2257 1400 2311 crudelissime
1422 2258 1547 2311 ctesi
1577 2267 1723 2320 sunt,
1746 2258 1941 2313 deinde

359 2347 409 2399 in
440 2362 729 2411 carcerem,
761 2356 950 2416 negato
979 2347 1098 2401 cibo
1125 2359 1178 2400 et
1210 2362 1274 2414 po
1302 2363 1354 2410 u,
1403 2349 1593 2402 retrusi
1625 2365 1639 2414 ;
1669 2349 1808 2402 unde
1841 2363 1935 2417 per

359 2437 605 2506 angelum
651 2437 820 2504 ducti,
870 2449 923 2492 et
953 2438 1173 2492 verbum
1221 2438 1311 2492 Dei
1345 2438 1694 2505 pnedicantes
1739 2441 1929 2493 iterum

2046 1987 2286 2055 martyrii
2333 2001 2452 2040 cum
2496 1986 2704 2040 duobus
2743 1988 2862 2040 aliis
2891 1990 3165 2056 percipere
3216 1990 3427 2042 meruit.
3463 1990 3517 2043 In
3545 1990 3620 2042 ci-

2046 2075 2208 2129 vitate
2235 2075 2508 2130 Ambianis
2549 2076 2753 2142 Gallim,
2782 2087 3084 2130 sanctorum
3114 2087 3404 2148 martyrum
3445 2079 3627 2133 Victo-

2048 2166 2147 2220 rici
2177 2175 2230 2221 et
2258 2166 2536 2221 Fuseiani.
2576 2165 2634 2220 In
2667 2166 2914 2236 Ilispania
2965 2168 3138 2221 sancti
3167 2168 3433 2238 Eutycbii,
3466 2167 3622 2240 cujus

2044 2265 2190 2325 gesta
2227 2256 2507 2320 habentur,
2535 2265 2589 2310 et
2617 2257 2783 2310 sancti
2813 2255 3062 2309 Gentiani
3096 2259 3365 2326 martyris.

2116 2345 2176 2399 C.
2211 2346 2359 2399 Puto.
2392 2346 2508 2400 lous
2561 2345 2794 2400 Ducena.
2845 2374 2913 2386 —-
2953 2346 3270 2401 Sanctorum
3325 2357 3616 2416 martyrum

2041 2438 2425 2506 Hermogenis,
2492 2439 2676 2491 Donati
2733 2448 2786 2491 et
2853 2439 3077 2492 aliorum
3128 2438 3310 2507 viginti
3363 2438 3611 2493 duorum.

1598 2550 1820 2606 EDITIO
1863 2549 2368 2604 BULLANDIANA.

359 2665 544 2716 colona
583 2664 794 2716 civitate
847 2663 1133 2732 llispanim,
1165 2663 1265 2716 sub
1297 2663 1526 2716 Daciano
1560 2663 1782 2728 praeside
1814 2677 1931 2730 quae

357 2769 470 2804 tum
499 2761 645 2806 esset
673 2751 926 2806 tredecim
969 2768 1251 2816 annorum,
1286 2760 1404 2819 post
1434 2753 1656 2819 plurima
1689 2762 1930 2806 tormen-

355 2849 423 2902 ta,
453 2842 714 2896 decollata
743 2851 845 2906 cst,
877 2851 930 2894 et
961 2843 1234 2896 resiliente
1271 2843 1337 2896 ab
1361 2857 1421 2895 ea
1446 2843 1641 2910 capite,
1683 2843 1927 2894 columba

356 2933 417 2982 tiu
444 2948 667 2999 corpore
695 2935 810 3000 ejus
835 2935 981 2986 exire
1009 2933 1121 2986 visa
1152 2943 1256 2987 est.

423 3024 510 3087 Τ..
548 3025 665 3092 Ipso
691 3027 776 3078 die
807 3026 865 3079 S.
897 3027 924 3054 ⁸
961 3025 1176 3094 Valeria;
1203 3024 1420 3092 virginis
1450 3034 1503 3077 et
1543 3023 1811 3094 martyris.
1840 3023 1925 3089 3.,

357 3096 408 3149 lu
439 3098 653 3148 civitate
684 3094 933 3148 Arvernis
960 3096 1135 3147 natale
1160 3093 1216 3147 S.
1250 3094 1536 3162 Agricolae.

427 3188 510 3238 11.
535 3215 602 3225 -
623 3183 689 3238 Ill
719 3181 857 3238 lous.
888 3184 1074 3236 Natale
1102 3184 1155 3238 S.
1183 3190 1212 3228 b
1243 3183 1449 3236 Damasi
1481 3198 1650 3252 papte.

425 3277 612 3330 Florus
642 3277 693 3328 in
743 3276 807 3329 A.
840 3274 906 3327 Τ.
956 3273 1039 3326 L.:
1089 3273 1140 3326 lu
1174 3275 1344 3326 Gallia
1388 3273 1602 3328 civitate
1653 3272 1933 3330 Ambianis

355 3366 528 3434 passio
573 3365 672 3420 SS.
721 3364 994 3428 Gentiani,
1033 3363 1301 3426 Victorici,
1332 3372 1386 3418 et
1418 3363 1688 3430 Fusciani,
1722 3363 1811 3434 qui
1836 3363 1931 3418 Vi-

354 3456 584 3510 ctoricus
625 3470 686 3507 ac
717 3453 1011 3508 Fuscianus
1039 3469 1067 3505 a
1098 3454 1261 3504 Roma
1294 3452 1516 3520 egressi,
1543 3453 1764 3505 verbum
1809 3451 1930 3504 vita:

362 3546 602 3615 pluribus
644 3545 954 3599 nuntiantes
987 3553 1222 3610 tempore
1268 3542 1566 3596 Maximiani
1614 3541 1752 3596 circa
1803 3543 1932 3592 Am-

356 3637 528 3692 bianis
556 3651 585 3690 a
616 3636 918 3690 Rictiovaro
947 3633 1173 3704 praeside
1199 3632 1598 3702 comprehensi,
1623 3631 1770 3700 prius
1791 3629 1930 3683 ferro

2039 2662 2282 2715 manibus
2307 2672 2425 2729 post
2455 2670 2661 2730 tergum
2695 2661 2884 2716 vinctis
2916 2663 2968 2715 in
2999 2676 3216 2716 carcere
3241 2672 3360 2717 sunt
3395 2664 3614 2727 reclusi,

2036 2751 2233 2806 deinde
2275 2753 2326 2804 in
2356 2753 2577 2805 naribus
2607 2765 2655 2806 et
2685 2753 2902 2806 auribus
2931 2767 3115 2806 eorum
3151 2754 3372 2808 sudibus
3402 2754 3611 2808 immis-

2037 2838 2135 2904 sis,
2165 2849 2218 2893 et
2248 2840 2414 2894 clavis
2443 2841 2494 2894 in
2541 2840 2808 2908 capitibus
2855 2842 3146 2910 transfixis,
3191 2843 3440 2899 decollati
3471 2857 3616 2899 sunt.

2039 2927 2094 2980 In
2125 2944 2260 2998 quos
2287 2931 2475 2999 spiritu
2508 2932 2767 2996 irruente,
2803 2933 3048 2987 manibus
3083 2935 3258 3000 capita
3304 2936 3517 3002 propria
3546 2938 3614 2989 ad

2040 3018 2326 3088 hOSpitium
2360 3021 2418 3074 Β.
2452 3020 2700 3076 Centiani
2726 3026 2974 3092 martyris
2999 3037 3166 3093 usque
3193 3031 3486 3093 portantes,
3515 3024 3616 3079 ibi—

1965 3127 2006 3183 α
2037 3106 2158 3162 dem
2192 3109 2581 3178 requieverunt.

2117 3223 2200 3284 8.,
2235 3220 2286 3274 In
2317 3221 2635 3276 Alexandria
2685 3221 2953 3278 Sammoni
2979 3234 3032 3277 et
3060 3223 3298 3279 Emeriti.
3330 3226 3382 3278 In
3416 3229 3606 3283 Antio-

2038 3292 2156 3346 chia
2185 3292 2284 3346 SS.
2310 3290 2527 3355 Zosimi,
2559 3291 2728 3355 Pattli,
2755 3304 2809 3346 et
2838 3294 3067 3362 (Syriaci.
3098 3296 3152 3347 In
3181 3296 3345 3350 Gallia
3375 3300 3597 3354 civitate

2039 3363 2601 3439 Ambianense_nat_ale
2647 3364 2743 3439 SS.
2778 3364 2987 3439 Victrici
3027 3372 3079 3418 et
3109 3365 3352 3420 Fusciani
3399 3379 3597 3439 marty-

2038 3447 2174 3483 rum.
2210 3435 2272 3483 Α.
2303 3441 2354 3484 et
2383 3430 2471 3496 T.,
2505 3432 2568 3484 Et
2603 3444 2621 3469 ε
2653 3432 2982 3486 Praetextati.

2111 3516 2196 3568 1⁸2.
2220 3546 2286 3554 -
2313 3516 2346 3569 11
2376 3515 2513 3569 lous.
2540 3517 2704 3570 Vacat
2731 3519 2907 3571 Baeda.

2114 3605 2174 3658 ν.
2213 3606 2272 3658 Β.
2325 3604 2382 3659 D.
2431 3611 2496 3659 A.
2526 3605 2589 3659 Τ.
2616 3605 2699 3673 C.,
2750 3607 2933 3662 Natale
2981 3607 3079 3662 SS.
3105 3610 3132 3644 ά
3167 3610 3508 3680 Hermogenis
3553 3623 3609 3667 et

1742 3719 1948 3776 SMITH
1988 3718 2220 3775 ΝΟΤίΕ.

422 3824 449 3853 ⁸
497 3813 738 3869 Valeriw.
788 3813 909 3867 llaec
951 3813 1142 3868 colitur
1189 3814 1482 3868 Lemovicis
1526 3815 1576 3866 in
1630 3813 1815 3868 Gallia.
1846 3817 1924 3869 Ex

353 3883 471 3940 Kal.
505 3894 558 3935 et
602 3902 838 3938 monutn.
874 3885 1122 3937 Ecclesia:
1155 3885 1498 3937 Letnoviccn.
1543 3885 1837 3950 Ferrarius,
1873 3885 1928 3940 iit

354 3955 598 4024 catalogo
627 3955 881 4022 generali,
927 3954 1110 4006 scribit
1150 3970 1266 4008 eam
1317 3956 1480 4007 fuisse
1525 3955 1833 4020 discipulam
1864 3955 1922 4010 S.

353 4026 606 4079 Martialis
641 4026 789 4091 primi
822 4025 1074 4092 episcopi,
1102 4025 1170 4076 ab
1205 4039 1270 4077 eo
1295 4025 1358 4074 ad
1404 4024 1559 4077 fidem
1590 4039 1925 4085 conversam,

353 4108 405 4149 et
437 4095 648 4148 tandem
693 4095 866 4162 capite
898 4103 1213 4155 truncatum,
1245 4092 1383 4160 quod
1431 4095 1640 4161 nuptias
1671 4094 1928 4160 Stephani

355 4167 504 4218 ducis
536 4166 846 4230 respuissct.
877 4163 1003 4231 Ejus
1048 4177 1243 4230 corpus
1289 4178 1428 4217 nunc
1473 4163 1526 4216 in
1574 4165 1930 4217 Cambonensi

355 4235 600 4288 t-mnobio
629 4234 964 4287 Lemovicen.
1014 4233 1238 4287 diteces.
1266 4235 1527 4286 asservari
1574 4233 1790 4287 dicitur.
1824 4234 1933 4287 llac

354 4305 438 4358 die
467 4305 658 4372 colitur
683 4304 797 4371 ejus
839 4305 1113 4372 memoria,
1145 4319 1245 4370 qua
1297 4304 1607 4372 martyrium
1655 4317 1808 4370 passa
1849 4313 1931 4357 est

353 4376 451 4426 sub
479 4371 698 4426 Claudio
753 4374 879 4440 imp.
942 4372 997 4426 In
1062 4371 1302 4426 Romano
1336 4371 1708 4442 Martyrologto
1763 4373 1932 4442 pridie

355 4446 564 4496 colitur.

426 4513 451 4546 ι)
496 4511 728 4565 Dantusi.
758 4512 859 4577 Qui
911 4512 1007 4565 fuit
1034 4511 1248 4564 Antonii
1276 4511 1550 4578 cujusdam
1580 4510 1738 4576 filius,
1773 4521 1927 4580 gente

367 4583 652 4650 Hispanus,
707 4584 872 4650 patria
915 4598 976 4634 ex
1021 4583 1226 4634 Mantua
1255 4582 1604 4648 Carpetanos,
1661 4596 1817 4650 quem
1852 4592 1928 4636 ta-

355 4669 476 4707 men
506 4654 593 4704 abi
639 4653 1113 4712 'l‘arraconensem,
1144 4651 1233 4704 alii
1279 4666 1344 4704 ex
1389 4651 1654 4704 Lusitanis
1705 4651 1928 4720 Igedita-

356 4739 480 4776 num
523 4721 687 4776 fuisse
731 4724 916 4775 volunt
946 4739 957 4773 :
993 4722 1246 4776 Ecclesiae
1290 4722 1542 4774 Romanae
1587 4723 1684 4776 sub
1715 4723 1928 4776 Liberio

354 4793 632 4855 diaconus,
665 4793 860 4846 deinde
890 4794 1184 4860 presbyter,
1216 4793 1444 4857 denique
1474 4793 1756 4860 episcopus
1786 4807 1928 4845 anno

355 4861 459 4914 566
485 4865 830 4923 conatitutus,
871 4862 973 4914 alia
1006 4863 1216 4915 interim
1250 4861 1477 4914 factione
1521 4862 1768 4914 Ursinum
1813 4867 1927 4916 sive

360 4931 657 4984 Ursicinum
703 4931 982 4985 diaconum
1031 4933 1212 4985 Romae
1260 4932 1566 4998 episcopum
1616 4933 1924 4986 ordinante.

357 5002 545 5068 Magna
593 5006 838 5068 utrinque
863 5001 1225 5066 contentione,
1258 5010 1312 5054 et
1355 5004 1520 5053 multo
1547 5002 1806 5068 sanguine
1838 5017 1924 5055 res

356 5079 470 5124 acta
501 5078 602 5134 est,
633 5073 766 5124 adeo
792 5079 849 5123 ut
872 5085 979 5124 uno
1005 5072 1112 5134 die,
1140 5081 1354 5124 notante
1382 5071 1684 5134 Ammiano,
1712 5086 1925 5125 exui-tt

354 5144 500 5194 cives
525 5142 687 5194 occisi
719 5149 860 5193 sunt.
891 5141 1030 5205 Quin
1054 5142 1211 5194 ctiam
1241 5142 1329 5193 diu
1362 5142 1414 5193 in
1445 5139 1676 5194 Ursicini
1716 5153 1924 5208 partem

357 5211 576 5263 immani
604 5210 920 5264 crudelitate
963 5211 1217 5264 Damasus
1257 5211 1529 5274 saeviebat,
1563 5211 1606 5262 si
1640 5225 1764 5264 vera
1794 5225 1922 5263 nar.

355 5291 476 5332 rant
505 5280 786 5334 Faustinus
836 5289 890 5334 et
933 5281 1264 5334 Marcellinus
1312 5281 1364 5334 in
1415 5279 1724 5348 prazfatione
1764 5295 1922 5348 quam

358 5348 562 5404 Libello
595 5365 808 5418 precum
842 5355 1229 5417 prmtniscrtttnt.
1262 5351 1413 5404 Victo
1457 5356 1668 5404 demum
1709 5349 1918 5414 Ursino,

359 5422 614 5473 Damasus
643 5421 823 5474 sedem
857 5423 1087 5489 quietam
1116 5423 1305 5474 tenuit.
1341 5421 1496 5474 Circa
1540 5436 1629 5474 an.
1659 5420 1788 5480 569,
1824 5419 1920 5472 ba-

359 5491 461 5543 bita
507 5490 689 5544 Romae
735 5497 959 5557 synodo,
1006 5492 1330 5545 Auxentium
1377 5490 1820 5544 Mediolanensem
1869 5500 1924 5543 et

355 5561 565 5614 concilii
616 5561 964 5613 Aritnineusis
1012 5563 1145 5614 Acta
1193 5561 1493 5622 damnavit;
1538 5560 1800 5629 fidemque
1829 5561 1922 5612 Ni-

355 5645 557 5683 carnam
598 5631 952 5683 contirmavit.
1003 5634 1157 5684 Anno
1199 5630 1324 5693 575,
1356 5632 1511 5684 aliam
1543 5633 1723 5684 Romae
1757 5644 1916 5696 syno-

359 5700 482 5752 dum
515 5701 716 5762 habuit,
751 5703 832 5752 cui
886 5701 1126 5754 interfuit
1175 5702 1359 5756 Petrus
1387 5701 1772 5756 Alexandrinus
1803 5701 1917 5768 epi—

641 5814 910 5872 I’ATttOL.
960 5815 1177 5874 XCIV.

2033 3827 2252 3882 scopus,
2285 3813 2336 3863 in
2365 3823 2470 3882 qua
2499 3805 2850 3882 Apollinarem
2899 3805 3120 3882 ejusque
3167 3805 3482 3882 discipulum
3510 3809 3602 3882 Ti-

2031 3874 2303 3935 mofheum
2350 3874 2418 3931 ob
2460 3874 2702 3930 literesim
2742 3876 3001 3942 deposuit.
3031 3875 3185 3929 Anno
3227 3877 3351 3939 581,
3384 3881 3599 3934 concilii

2028 3945 2808 4016 CoastantinopolitaniPatres
2849 3946 2913 3998 ad
2943 3948 3204 4015 synodum
3239 3946 3422 4001 Roma:
3465 3964 3594 4003 con-

2032 4023 2349 4092 grcgandam
2384 4015 2679 4092 invitavit,
2710 4015 2968 4092 Damasus
3015 4017 3148 4092 obiit
3173 4019 3492 4092 anno_58@._
3539 4030 3598 4072 ut

2036 4086 2258 4146 t'est'atur
2288 4090 2512 4155 Prosper
2542 4089 2590 4136 in
2622 4086 2906 4149 Chronico,
2937 4093 2992 4139 et
3028 4086 3223 4139 evincit
3264 4087 3588 4154 epitaphium

2034 4162 2206 4215 Siricii
2235 4160 2349 4228 ejus
2375 4155 2858 4228 successoris._Hoc
2887 4166 3060 4228 tamen
3089 4156 3142 4228 in
3182 4156 3404 4228 dubium
3436 4171 3590 4228 revof

2035 4242 2121 4284 cat
2177 4224 2565 4297 Papebrocbius
2605 4231 2657 4277 in
2707 4225 2910 4297 Conatu
2939 4224 3476 4297 chronico-historico
3522 4226 3590 4279 ad

2036 4293 2343 4367 Cataloginu
2391 4295 2722 4367 pontificum,
2761 4295 2899 4362 quod
2956 4294 3304 4367 Marcellinus
3332 4293 3382 4346 iu
3420 4295 3590 4367 Chro-

2039 4363 2357 4424 nicoSiricii
2387 4367 2592 4419 initium
2642 4365 2744 4417 sub
2791 4363 3138 4432 pramedentis
3183 4363 3306 4415 anni
3358 4365 3594 4416 consuli‘

1959 4429 2009 4488 D
2039 4443 2134 4493 bus
2185 4440 2479 4505 consignct.
2529 4434 2635 4505 Sed
2690 4429 3022 4505 Marcellinus
3073 4434 3134 4505 _in
3186 4432 3345 4505 hujus
3401 4435 3594 4505 saeculi

2032 4511 2192 4564 rebus
2245 4501 2542 4562 referendis
2592 4504 2662 4557 ita
2715 4503 3021 4572 frequenter
3073 4502 3122 4554 in
3192 4501 3592 4572 chronologiam

2033 4591 2236 4647 peccat,
2267 4588 2324 4631 ut
2352 4580 2544 4630 mirum
2571 4590 2674 4626 non
2688 4574 2764 4647 .sit
2788 4575 2843 4647 _it_t
2867 4573 3038 4647 Siricii
3061 4572 3281 4647 exordio
3309 4573 3590 4647 statuendo

2029 4641 2263 4705 errasse.
2292 4648 2642 4716 Hieronymus
2688 4643 2739 4716 in
2785 4641 3162 4716 Martyrologio
3208 4643 3594 4716 depositionetu

2034 4719 2241 4771 Damasi
2271 4718 2336 4771 ad
2379 4733 2411 4769 χ
2463 4711 2586 4768 Dec.
2622 4711 2817 4774 refert;
2863 4711 3068 4764 auctius
3113 4725 3240 4764 vero
3287 4711 3590 4765 Chronicon

2030 4805 2094 4842 ve
2118 4804 2267 4843 erum
2301 4787 2629 4856 pontificum,
2650 4793 2712 4856 _et
2739 4781 3020 4856 Catalogus
3049 4794 3078 4832 a
3104 4778 3465 4856 Papebrochio
3495 4797 3594 4847 pu-

2029 4859 2252 4912 blicatus
2275 4848 2315 4916 ,’
2348 4856 2499 4923 cujus
2550 4853 2732 4907 titulus
2774 4871 2787 4904 :
2822 4848 3443 4923 Nontitto_apostolorum
3465 4889 3506 4923 ,_
3535 4859 3588 4903 et

2031 4941 2210 4982 noster
2259 4919 2531 4980 Bteda'die
2559 4938 2611 4976 χι
2643 4923 2890 4975 Decemb.
2931 4919 3189 4973 arcidisse
3213 4921 3414 4974 dicunt.
3473 4920 3586 4986 Qua

2029 5013 2091 5051 ex
2121 4997 2422 5051 diversitate
2443 5004 2689 5048 constare
2719 4992 2927 5045 videtur
2965 4989 3242 5043 Damasum
3271 4991 3358 5043 die
3384 4989 3590 5044 decima

2033 5068 2280 5121 Decemb.
2313 5066 2376 5119 ad
2408 5066 2570 5118 Deum
2600 5064 2874 5132 migrasse,
2915 5068 2970 5113 et
3014 5060 3269 5132 postridie
3293 5066 3590 5132 sepultura:

2029 5140 2332 5189 mandatum
2381 5149 2508 5189 esse
2556 5131 2696 5202 apud
2743 5131 2880 5184 viam
2917 5131 3260 5185 Ardeatiuam
3289 5131 3342 5184 in
3374 5132 3588 5186 basilica

2027 5223 2182 5274 quant
2216 5208 2326 5275 ip~e
2346 5205 2674 5258 condiderat.

2103 5291 2124 5314 υ
2170 5270 2482 5329 Ριάξιεπιιιιὶ.
2512 5275 2606 5328 Hic
2633 5288 2732 5328 una
2763 5287 2882 5326 cum
2913 5270 3185 5324 Thrasone
3225 5281 3276 5324 et
3308 5272 3590 5334 Pontiano,

2027 5356 2080 5399 et
2110 5349 2225 5401 aliis
2269 5347 2446 5398 multis
2477 5345 2590 5397 sine
2638 5357 2858 5396 numero
2908 5344 3086 5393 Itonia:
3135 5343 3233 5393 sub
3271 5343 3586 5393 Maximiano

2026 5421 2300 5485 capitalem
2347 5415 2479 5482 jussi
2535 5423 2656 5485 sunt
2703 5413 2884 5485 subire
2928 5417 3269 5464 sententiam.
3320 5412 3486 5464 Psrn.
3522 5425 3587 5463 ne

2027 5484 2250 5550 Nalm...
2280 5487 2504 5538 "IERON.
2535 5484 2879 5554 Martyrolog.

2099 5561 2123 5593 α
2170 5549 2524 5626 Hermogenis.
2561 5549 2736 5607 Ilos'in
2774 5549 3015 5620 paludem
3044 5551 3326 5619 quamdam
3348 5565 3466 5626 esse
3492 5549 3588 5626 de-

2028 5643 2249 5688 mersos,
2284 5641 2345 5678 ac
2367 5622 2444 5679 sic
2489 5628 2795 5694 martyrium
2827 5637 3245 5688 consummasse,
3279 5622 3502 5675 habetur
3534 5622 3585 5674 in

2028 5702 2294 5752 'l'besauro
2323 5696 2587 5761 concion.,
2625 5708 2754 5751 tom.
2788 5696 2847 5748 11.

3131 5811 3201 5868 36
