4054 6190
452 314 586 369 “Si

1162 309 1365 364 BEDIE
1411 305 1856 361 VENEliABllJS
1896 303 2045 359 OPP.
2089 304 2261 359 PARS
2300 304 2391 362 iV.
2431 336 2498 346 —
2540 307 2917 366 HISTORICA.

3556 321 3701 377 H32

1690 415 1914 472 l'lDl'l‘lO
1944 414 2403 473 COLONIENSIS.

455 519 606 588 Apud
638 513 1011 572 Alexandriam
1040 514 1314 569 beatorum
1347 521 1639 580 martyrum
1662 508 1937 578 Epimachi
1964 516 2020 563 et
2048 511 2096 570 Α
2124 521 2329 564 mortua
2374 511 2727 565 nuntiaretur.
2770 514 2938 579 Quam
2989 513 3209 571 lenones
3250 519 3545 578 nullatenus
3575 540 3704 578 mo-

456 609 763 674 Alexandri,
790 609 877 678 qui
908 607 1075 660 multo
1105 616 1344 672 tempore
1381 612 1437 657 et
1460 606 1666 671 magnis
1693 600 2017 657 cruciatibus

458 702 783 755 vinculorum
822 707 878 751 et
905 696 1137 751 carceris
1168 694 1311 759 torti,
1343 693 1551 762 ignibus
1582 693 1645 745 ad
1692 701 2017 759 postremum

454 791 694 848 consumi
740 789 1013 859 iubentur.
1066 786 1194 839 Item
1245 792 1548 838 sanctarum
1578 792 1804 852 quatuor
1830 780 2019 836 mulie-

458 904 593 949 rum,
651 883 1023 946 Ammonariaz,
1080 879 1377 941 Mercurius,
1439 876 1736 946 Dionysiae;
1792 883 1846 929 et
1892 875 2017 928 item

458 980 574 1031 alia:
626 974 1001 1036 Ammonariaa,
1050 986 1167 1038 qua:
1210 969 1337 1024 dum
1372 969 1529 1022 nimia
1558 965 1856 1021 constantia
1904 972 2021 1019 ute-

459 1076 639 1120 rentur
687 1063 821 1133 apud
848 1062 1111 1132 judicem,
1147 1069 1200 1114 et
1231 1060 1321 1114 ille
1346 1060 1686 1114 erubesceret
1713 1055 1848 1110 vinci
1879 1069 1909 1108 a
1940 1054 2019 1109 fe-

456 1158 648 1222 minis,
691 1154 941 1208 inauditis
993 1157 1385 1205 tormentorum
1425 1148 1709 1218 generibus
1760 1145 2019 1206 toleratis,

456 1249 613 1299 tinem
658 1245 894 1299 omnium
944 1244 1083 1296 ferro
1133 1241 1373 1295 caedente
1419 1238 1739 1306 suscipiunt,
1790 1237 2023 1307 gloriose

453 1336 592 1406 apud
623 1334 998 1390 Alexandriam
1029 1331 1271 1399 sepultze.

525 1429 587 1482 D.
622 1428 736 1481 Inus
768 1425 1002 1479 Ducena.
1032 1452 1101 1465 —-
1130 1422 1280 1490 Apud
1328 1422 1619 1490 Syracusas
1670 1418 1863 1475 Sicilia:
1893 1416 2023 1471 civi-

457 1530 616 1575 tatem
644 1528 840 1573 sanctis
881 1515 1055 1570 Lucire
1084 1514 1304 1582 virginis
1342 1521 1395 1567 et
1427 1510 1698 1580 martyris,
1724 1524 1842 1578 qua:
1874 1521 2025 1576 passa

455 1622 538 1665 est
583 1609 947 1678 persecutione
988 1604 1297 1660 Diocletiani
1352 1612 1403 1656 et
1441 1602 1740 1654 Maximiani
1788 1600 1885 1652 sub
1926 1598 2031 1650 Pa-

455 1702 666 1757 schasio
713 1699 1003 1753 consulari.
1034 1697 1155 1750 ilmc
1189 1693 1513 1749 nobilissima
1550 1692 2024 1761 Syracusanorum,

458 1802 735 1862 postquam
786 1792 964 1846 omnia
1009 1805 1102 1844 sua
1136 1803 1255 1857 quae
1296 1788 1364 1842 de
1404 1786 1712 1856 parentibus
1740 1787 1786 1838 ei
1819 1798 2030 1838 reman-

2126 618 2246 656 vere
2297 612 2559 671 poterant.
2592 604 2742 659 Tunc
2788 605 3035 674 praecepit
3085 608 3399 665 Paschasius
3429 624 3485 666 ut
3511 615 3697 683 ignem

2118 697 2395 765 copiosum
2448 699 2589 752 circa
2620 713 2738 752 eam
2780 701 3153 766 accenderent,
3183 713 3234 755 et
3262 704 3429 772 picem
3472 717 3527 760 et
3561 709 3705 762 resi-

2125 802 2267 853 nam,
2318 797 2373 843 et
2420 789 2631 843 fervens
2676 790 2852 843 oleum
2908 806 3068 858 super
3115 808 3229 846 eam
3263 795 3564 862 jactarent;
3602 800 3702 851 sed

2130 878 2219 932 illa
2266 878 2318 932 in
2367 880 2580 933 nomine
2630 879 2835 933 Domini
2897 883 3042 933 stetit
3098 882 3399 936 immobilis.
3455 885 3701 941 Tandem

2123 967 2299 1036 gladio
2343 968 2393 1021 in
2451 976 2663 1037 gutture
2718 983 2894 1023 merso
2949 984 3238 1037 percussa,
3307 976 3539 1040 quandiu
3608 992 3707 1029 vo-

2126 1058 2222 1112 luit
2307 1057 2511 1112 turbam
2580 1059 3008 1112 circumstantem
3090 1060 3314 1115 allocuta
3400 1074 3521 1127 est,
3594 1079 3702 1121 nec

2125 1150 2341 1203 omnino
2374 1160 2579 1204 mortua
2615 1160 2715 1210 est,
2755 1151 2926 1204 donec
2956 1150 3287 1206 venientibus
3326 1156 3702 1211 sacerdotibus

2126 1238 2552 1292 communionem
2591 1238 2844 1292 dominici
2872 1240 3115 1305 corporis
3141 1251 3193 1295 et
3243 1245 3518 1310 sanguinis
3546 1246 3703 1299 arci-

2128 1340 2309 1398 peret;
2337 1329 2541 1396 sepulta
2570 1329 2625 1383 in
2677 1329 2794 1383 loco
2823 1329 2878 1383 in
2910 1345 3015 1398 quo
3042 1345 3289 1399 percussa
3335 1342 3435 1398 est,
3471 1334 3703 1390 basilica

2127 1434 2285 1486 supra
2313 1433 2509 1487 corpus
2538 1418 2653 1485 ejus
2682 1418 3018 1487 postmodum
3042 1419 3318 1475 aedificata.

2201 1509 2261 1561 E.
2312 1507 2432 1561 XIX
2480 1507 2719 1561 ΚΑιιῖιιυ.
2749 1507 2868 1561 Jan.
2918 1535 2989 1547 -—
3026 1512 3175 1577 Apud
3204 1511 3541 1568 Antiochiam
3571 1530 3707 1569 san-

2128 1608 2336 1653 ctorum
2382 1608 2672 1669 martyrum
2710 1597 2891 1662 Drusi,
2926 1597 3146 1663 Zosimi,
3177 1604 3387 1656 Arsenii
3429 1614 3481 1658 et
3510 1604 3705 1659 lsidori

2129 1700 2288 1759 atque
2318 1688 2608 1745 Theodori.
2646 1689 2797 1757 Apud
2827 1690 3204 1746 Alexandriam
3235 1694 3503 1749 beatorum
3554 1712 3705 1751 mar-

2132 1788 2303 1850 tyrum
2352 1779 2600 1844 lleronis,
2631 1780 2893 1846 Dioscori,
2923 1782 3012 1851 qui
3052 1782 3150 1836 sub
3180 1783 3407 1838 Deciana
3438 1802 3693 1853 persecu-

454 1856 657 1946 serant,
708 1880 1048 1949 pauperibus,
1096 1856 1295 1943 viduis,
1327 1876 1603 1945 orphanis,
1631 1873 1946 1945 peregrinis,
1975 1882 2027 1927 ct
2058 1856 2103 1915 Β
2131 1872 2275 1926 tione
2330 1872 2489 1925 variis
2522 1873 2804 1927 tormentis
2848 1872 3113 1937 dilaniati,
3164 1875 3453 1931 novissime
3484 1878 3701 1947 ignibus

458 1975 566 2029 Deo
590 1974 940 2029 servientibus
983 1972 1243 2038 distraxit,
1276 1986 1303 2024 a
1347 1984 1543 2038 Sponso
1571 1984 1686 2035 suo,
1719 1966 1859 2037 quod
1889 1975 2029 2021 esset

456 2067 778 2132 Christiana,
806 2064 1096 2119 Paschasio
1125 2062 1324 2126 delata,
1355 2060 1729 2131 impellebatur
1771 2058 1834 2110 ad
1863 2056 2027 2110 sacri-

458 2158 719 2212 ficandum
763 2157 1119 2211 daemonibus.
1172 2155 1303 2220 Qum
1344 2170 1465 2207 cum
1511 2152 1662 2206 nullo
1708 2150 1865 2205 modo
1891 2164 2023 2203 con-

455 2249 699 2313 sentiret,
735 2246 963 2300 traditur
1005 2245 1306 2312 lenonibus,
1340 2254 1393 2297 ut
1428 2244 1676 2312 populum
1707 2242 1772 2296 ad
1801 2241 2019 2295 castita-

459 2350 564 2393 tem
618 2339 735 2408 ejus
782 2339 1087 2405 invitarent,
1138 2346 1191 2392 et
1241 2336 1422 2391 tandiu
1461 2334 1823 2399 deluderetur,
1855 2334 2025 2386 donec

2129 1970 2252 2015 sunt
2300 1958 2496 2014 traditi.
2529 1958 2662 2014 Item
2696 1961 2835 2015 beati
2873 1962 3113 2030 Lupicini
3147 1963 3460 2020 Viennensis
3513 1968 3701 2022 Eccle—

2127 2051 2222 2105 site
2248 2051 2416 2105 octavi
2447 2050 2709 2120 episcopi.
2733 2036 2886 2121 Apud
2909 2051 3142 2121 Cyprum
3172 2055 3350 2109 natale
3374 2057 3546 2111 sancti
3568 2057 3698 2126 Spi-

2128 2139 2333 2195 ridonis
2381 2138 2619 2209 episcopi
2680 2142 3006 2196 admirandae
3050 2143 3391 2199 beatitudinis
3446 2147 3565 2210 viri,
3604 2151 3701 2217 qui

2127 2248 2263 2287 unus
2324 2230 2424 2285 fuit
2467 2231 2537 2288 de
2583 2233 2688 2287 illis
2732 2234 3143 2301 confessoribus,
3175 2251 3307 2304 quos
3350 2235 3700 2295 Maximianus

2131 2325 2336 2403 dextris
2366 2325 2535 2379 oculis
2578 2325 2808 2395 eﬂ'ossis,
2859 2335 2913 2382 et
2939 2329 3156 2383 sinistro
3197 2330 3393 2399 poplite
3430 2331 3702 2407 succisso,

1695 2397 1921 2477 sotrto
1962 2397 2463 2475 BOLLANDIANA.

459 2521 672 2576 Donati.
701 2521 766 2574 V.
798 2519 856 2574 Β.
886 2518 947 2573 C.
983 2519 1070 2583 D.,
1104 2518 1170 2571 Et
1193 2516 1413 2570 aliorum
1443 2513 1621 2583 viginti
1652 2510 1896 2583 duorum.
1930 2510 2016 2573 D.,

457 2591 607 2655 Apud
630 2590 1005 2643 Alexandriam
1032 2582 1340 2653 I'Epimachi
1370 2596 1422 2638 et
1450 2583 1755 2655 Alexandri;
1784 2582 1871 2655 qni
1898 2595 2017 2655 eum

456 2650 626 2712 multo
650 2669 887 2725 tempore
910 2659 960 2710 in
993 2650 1212 2709 vinculis
1234 2665 1287 2709 et
1308 2653 1625 2725 cruciatibus
1647 2653 1875 2725 carceris
1900 2650 2017 2705 torti

455 2740 509 2783 et
538 2722 774 2784 confecti
806 2726 1266 2796 perdurassentin
1314 2724 1438 2796 tide,
1482 2724 1691 2796 ignibus
1731 2722 1795 2774 ad
1816 2730 2016 2796 _extre-

462 2816 603 2851 mum
631 2788 879 2865 jubentur
906 2796 1165 2865 consumi.
1200 2794 1284 2865 [λη
1313 2794 1373 2865 In
1398 2788 1529 2865 pago
1562 2791 1768 2865 Viran
1786 2788 1878 2865 AT.
1903 2795 2016 2865 _A.,

458 2857 722 2934 Depositio
744 2867 807 2938 §.
837 2864 1163 2938 b_Wa_l_erici.
1186 2857 1318 2938 μέ,
1340 2857 1610 2938 Episcopi.
1644 2859 1729 2922 'l‘.,
1779 2857 2008 2938 confes-

455 2930 609 2990 soris.
645 2939 706 2990 A.
736 2936 825 2999 T.,
876 2936 930 2989 In
980 2934 1245 3000 Hispaniis
1287 2932 1346 2988 S.
1378 2941 1399 2971 ο
1434 2930 1651 2986 Eulaliae
1690 2937 1744 2984 et
1792 2930 2009 2983 alterius

460 3006 676 3077 virginis
704 3007 922 3060 nimium
952 3015 1123 3059 tortae.

535 3128 705 3181 i5.—
735 3125 922 3178 intutis.
955 3123 1140 3177 Natale
1178 3121 1236 3176 8.
1266 3120 1440 3175 Lucize
1481 3118 1699 3188 virginis
1738 3116 1803 3171 de
1852 3114 2017 3185 Syra-

457 3218 600 3271 cusis
647 3216 746 3270 sub
786 3212 1069 3268 Paschasio
1097 3212 1359 3265 consulari
1385 3226 1399 3263 :
1429 3223 1587 3279 quam
1633 3221 1754 3261 cum
1801 3206 2021 3259 lenones

457 3319 798 3373 corrumpere
826 3344 840 3369 ,
879 3303 1098 3372 jubente
1145 3300 1465 3362 Paschasio,
1526 3297 1749 3360 vellent,
1799 3294 2021 3348 nullate-

456 3412 555 3451 nns
595 3411 712 3451 eam
745 3409 959 3449 movere
988 3401 1286 3459 potuerunt,
1319 3404 1417 3445 nec
1457 3388 1666 3444 funibus
1695 3385 1886 3440 additis
1929 3392 2018 3438 aut

463 3489 625 3541 boum
667 3486 878 3555 paribus
922 3482 1191 3552 plurimis;
1245 3482 1449 3551 picem,
1499 3481 1761 3542 resinam,
1812 3478 2021 3534 fervens

455 3577 655 3641 oleum,
686 3575 815 3629 nihil
846 3574 967 3627 laesa
994 3572 1245 3639 suscepit.
1272 3570 1505 3624 Tandem
1529 3570 1703 3639 gladio
1736 3568 1786 3622 in
1812 3567 2014 3621 viscera

456 3682 655 3733 merso,
689 3680 960 3736 percussa,
992 3678 1090 3718 nec
1131 3672 1303 3717 tamen
1331 3674 1537 3716 mortua
1584 3669 1685 3725 est,
1718 3660 1888 3715 donec
1932 3671 2019 3711 ve-

464 3755 731 3813 nientibus
756 3754 1136 3822 sacerdotibus,
1167 3753 1593 3810 communionem
1624 3749 1872 3806 dominici
1902 3761 2018 3801 cor-

2129 2503 2274 2575 poris
2297 2512 2353 2557 et
2377 2500 2649 2572 sanguinis
2678 2505 2899 2573 accepit.
2929 2505 3091 2560 Passa
3120 2515 3199 2561 est
3231 2514 3471 2577 tempore
3491 2508 3702 2566 Diocle-

2128 2595 2253 2649 tiani
2282 2601 2336 2648 et
2367 2593 2688 2647 Maximiani.

2198 2684 2356 2739 Deest
2386 2686 2487 2738 hoc
2531 2684 2773 2738 ultimum
2821 2684 3067 2741 Lmticnsi
3108 2689 3205 2742 Ms.
3241 2691 3583 2745 Atrebatense
3610 2703 3696 2745 est

2130 2754 2182 2808 in
2229 2755 2489 2823 principio
2531 2755 2897 2809 contractius:
2928 2760 3057 2821 Qua:
3101 2774 3221 2811 cum
3261 2762 3353 2812 sub
3399 2760 3695 2814 Paschasio

2126 2825 2333 2901 picem,
2409 2823 2637 2877 resinam
2693 2834 2747 2878 et
2802 2826 3009 2881 fervens
3055 2827 3231 2881 olemn
3286 2830 3443 2882 illam
3501 2845 3695 2885 susce-

2130 2902 2313 2946 uisset.

2170 2907 2313 2946 isset.

2130 2908 2349 3015 pissl’i‘.
2384 2960 2466 3026 L.,
2501 2961 2620 3027 Ipso
2645 2963 2732 3018 die
2761 2964 2811 3017 in
2843 2963 3012 3018 Gallia
3041 2965 3327 3021 Cameraco
3356 2967 3565 3023 civitate
3593 2970 3694 3024 de-

2054 3032 2100 3094 C
2136 3030 2410 3103 positioAS.
2436 3030 2460 3067 ά
2486 3035 2723 3086 Autberti
2755 3034 2986 3101 episcopi
3015 3045 3067 3087 et
3096 3038 3438 3090 confessoris.
3473 3044 3557 3103 A.,
3594 3040 3694 3093 Per

2127 3116 2283 3175 qnem
2318 3101 2568 3175 Dominus
2599 3105 2848 3175 miracula
2892 3104 3101 3175 operari
3151 3106 3397 3175 dignatus
3440 3118 3523 3160 est
3547 3101 3693 3175 pra.

2128 3172 2287 3223 clara.
2320 3172 2408 3235 T.,
2444 3172 2637 3226 Eodem
2666 3172 2751 3226 die
2783 3174 3043 3238 depositio
3072 3173 3130 3229 8.
3158 3183 3181 3209 ε
3211 3174 3394 3228 .ludoci
3424 3172 3695 3231 confesso-

2128 3242 2227 3297 ris.
2272 3240 2354 3303 [..,
2382 3242 2693 3313 _Et_natale
2736 3242 2794 3296 S.
2826 3240 2845 3279 τ
2878 3242 3062 3313 υόιὶιῐε
3112 3243 3359 3312 virginis;
3388 3261 3505 3313 qua
3550 3263 3691 3301 caeca

2127 3319 2267 3389 nata,
2302 3309 2395 3390 sed
2427 3326 2455 3362 a
2486 3309 2592 3362 Deo
2641 3309 3244 3392 cirratanvetndesacro
3285 3309 3428 3367 fonte
3463 3318 3694 3392 a_t_rib_us

2128 3380 2388 3445 episcopis
2418 3389 2659 3449 suscepta
2692 3379 2811 3434 fuit.
2846 3379 2906 3433 V.
2936 3379 3021 3443 C.,
3056 3383 3192 3436 Alibi
3230 3384 3549 3438 Leocandidi
3583 3385 3688 3455 [0..

2121 3447 2374 3519 Locandi]
2413 3450 2735 3504 confessoris
2766 3462 2819 3506 et
2852 3450 3132 3504 Valentini.
3165 3453 3250 3517 8.,
3282 3452 3547 3506 Ravenna
3595 3471 3694 3508 na.

2122 3518 2225 3597 tale
2270 3491 2374 3572 SS.J
2401 3491 3080 3597 Valent'iniMeItULeuchadi
3564 3491 3689 3597 jié.

2120 3586 2366 3709 t‘iiolano,
2409 3591 2582 3657 passio
2637 3589 2737 3645 SS.
2784 3600 3075 3660 martyrum
3107 3598 3132 3638 Β
3164 3592 3406 3648 Gervasii
3450 3605 3505 3648 et
3562 3592 3694 3648 Pro-

2148 3670 2265 3709 asn.

2197 3747 2281 3801 14.
2305 3776 2375 3787 -
2399 3745 2517 3801 XIX
2544 3747 2681 3803 ΚΜ..
2705 3749 2825 3806 Jan.
2860 3748 3024 3804 Vacat
3054 3750 3229 3805 Bzeda.

1837 3835 2041 3894 SMITII
2080 3834 2304 3889 ΝΟΤέΕ.

530 3959 553 3986 ι
598 3948 890 4018 Epimachi.
926 3950 998 4004 De
1028 3951 1108 4003 his
1138 3948 1258 4004 vide
1279 3948 1498 4014 Euseb.,
1529 3964 1599 4014 Vl,
1622 3947 1722 4018 7541.
1741 3946 1923 4018 [Irasci
1952 3948 2019 3999 de

461 4020 747 4085 Epimacho
820 4029 979 4085 agunt
1043 4023 1266 4073 natalem
1328 4019 1467 4071 diem
1521 4017 1687 4086 pridie
1737 4017 1856 4070 Kal.
1914 4018 2020 4071 Νο-

459 4089 658 4151 v-emb.,
692 4086 808 4156 ejus
836 4102 961 4140 vero
989 4089 1389 4143 translationem
1412 4088 1920 4156 ConstantinOpolim
1943 4086 2022 4141 fa-

456 4173 592 4208 ctam
617 4157 855 4209 recolunt
887 4171 916 4208 v
940 4156 1061 4210 ldus
1083 4157 1277 4211 Martii.

527 4225 553 4262 δ
590 4225 851 4279 Waterici.
880 4228 980 4291 Qui
1022 4227 1117 4280 fuit
1144 4226 1510 4281 Arvernensis.
1545 4223 1686 4279 Vixit
1728 4225 2020 4279 monachus

391 4306 395 4316 ν
458 4297 506 4346 in
537 4295 860 4348 monasterio
887 4299 1111 4350 Autumo
1140 4306 1194 4349 et
1221 4294 1592 4361 Antissiodori,
1624 4295 1743 4348 dein
1779 4295 2016 4348 Lnxovii.

458 4372 495 4416 Α
527 4379 650 4432 rege
678 4364 909 4417 Clotario
938 4380 1054 4417 cum
1084 4380 1344 4418 consensu
1389 4364 1754 4419 Ambianensis
1780 4366 2013 4432 episcopi

457 4435 627 4486 locum
652 4434 956 4486 Leuconaus
982 4435 1031 4485 in
1062 4449 1192 4502 pago
1216 4433 1557 4487 Witmacensi
1577 4434 1640 4485 ad
1674 4435 2014 4487 habitandum

456 4502 680 4569 accepit,
710 4503 798 4555 ubi
845 4508 1218 4556 monasterium
1251 4503 1562 4557 construxit.
1593 4503 1736 4555 Obiit
1779 4504 1932 4557 hodie
1964 4513 2019 4558 et

455 4574 666 4639 quidem
716 4572 800 4623 die
848 4571 1140 4635 Dominico,
1173 4574 1381 4626 vivente
1430 4586 1550 4640 rege
1595 4571 1844 4637 Clotario,
1878 4588 2017 4626 anno

453 4642 650 4694 ChriSti
699 4639 823 4695 622.
877 4640 1077 4707 Duplici
1123 4644 1222 4694 alia
1281 4639 1586 4696 celebritate
1630 4640 1822 4694 colitur
1876 4642 2015 4695 idem

455 4720 671 4764 sanctus
711 4713 761 4763 in
804 4724 900 4764 suo
929 4713 1285 4764 monasterio:
1320 4724 1509 4778 nempe
1538 4709 1652 4764 Kal.
1688 4712 1882 4779 April.,
1913 4726 2016 4779 quo

453 4781 540 4833 die
570 4782 623 4834 in
661 4780 901 4832 Romano
941 4780 1312 4850 Martyrologio
1358 4785 1527 4832 locum
1558 4782 1738 4845 habet,
1774 4796 2015 4835 comme-

456 4860 695 4903 moratur
732 4852 848 4917 ejus
895 4850 1166 4903 translatio
1195 4865 1223 4901 a
1275 4851 1550 4903 Bercnndo
1580 4852 2014 4904 Ambianensium

455 4922 703 4989 episcopo
744 4917 883 4973 facta
908 4934 939 4972 e
968 4920 1166 4987 capella
1195 4919 1247 4972 in
1275 4936 1374 4989 qua
1405 4920 1579 4989 ipsius,
1603 4933 1795 4989 corpus
1838 4921 2016 4988 sepul-

456 5000 564 5040 tutn
596 4988 766 5041 fuerat
793 4989 846 5041 in
868 4990 1144 5042 ecclesiam
1172 4989 1474 5041 monasterii
1508 4988 1849 5056 principalem
1877 5006 1890 5048 :
1913 4990 2013 5042 alia

455 5059 733 5110 celebritas
763 5058 944 5111 incidit
980 5058 1031 5111 in
1078 5059 1215 5111 diem
1266 5060 1548 5111 secundam
1600 5058 1771 5121 .Iunii,
1804 5060 2017 5126 quando

456 5127 692 5193 ejusdem
731 5141 920 5194 corpus
962 5142 1025 5179 ex
1074 5128 1377 5181 Bertiniano
1424 5132 1746 5180 monasterio
1793 5129 2014 5180 relatum

456 5206 536 5249 est
566 5210 657 5261 per
685 5196 954 5265 Hugonem
973 5198 1224 5264 Capetum
1247 5211 1387 5249 anno
1407 5196 1531 5248 98!.
1558 5195 1685 5250 Vide
1705 5198 1819 5263 ejus
1844 5196 2012 5249 Vitam

458 5269 509 5319 in
541 5266 827 5319 Mabillonli
857 5266 1051 5321 saeculo
1082 5282 1117 5320 ιι
1163 5270 1282 5320 Act.
1312 5268 1441 5320 Ben.
1470 5265 1583 5319 Non
1632 5277 1775 5319 recte
1821 5266 2016 5320 dicitur

560 5350 754 5387 ιριιυυς.

453 5351 754 5403 episcopus.

481 5410 547 5487 ,ο
589 5404 832 5459 Eulalia.
894 5403 1052 5470 Vide,
1107 5419 1301 5473 supra,
1360 5419 1410 5459 tv
1462 5403 1583 5459 Idus
1639 5403 1796 5474 hujus
1858 5417 2011 5459 men-

451 5490 547 5529 SIS-

525 5543 550 5581 ί¹
580 5546 824 5598 Autberti.
858 5544 915 5599 8.
948 5543 1233 5597 Autbertns
1262 5544 1463 5598 refulsit
1491 5543 1818 5610 temporibus
1850 5543 2015 5613 Dago-

456 5612 589 5664 lierti
622 5616 778 5682 regis.
825 5614 935 5667 Snb
981 5629 1044 5667 eo
1091 5613 1361 5666 Hannonia
1408 5614 1715 5666 mirabiliter
1768 5616 1817 5666 in
1858 5612 2011 5667 Chri—

455 5682 621 5733 stiana
662 5682 912 5752 religione
936 5684 1094 5751 coepit
1123 5683 1343 5748 ﬂorere;
1380 5681 1561 5738 habuit
1587 5686 1727 5739 enim
1761 5685 1809 5737 in
1840 5700 1901 5738 ea
1932 5685 2011 5737 di-

2047 4401 2097 4459 D

2122 3946 2354 4014 scipulos
2396 3944 2742 4000 Landelinum
2774 3945 3018 4001 abbatem
3049 3947 3320 4017 CriSpinii,
3353 3949 3691 4007 Vincentium

2122 4017 2495 4087 Madelgarium
2526 4019 2795 4087 comitem,
2825 4026 2879 4087 et
2905 4019 3182 4087 conjugem
3222 4020 3339 4087 eius
3378 4021 3437 4075 S.
3475 4021 3694 4076 Walde-

2124 4084 2353 4139 trudent.
2384 4086 2527 4140 Obiit
2574 4084 2847 4158 camerae]
2896 4084 3035 4141 circa
3070 4084 3171 4141 'an.
3204 4084 3327 4153 668,
3358 4101 3414 4144 et
3454 4093 3695 4158 sepultus

2124 4166 2207 4209 est
2244 4164 2393 4209 extra
2422 4169 2600 4207 muros
2628 4156 2678 4208 in
2702 4155 2767 4227 Δ8.
2818 4156 2957 4210 Petri
3002 4158 3248 4219 ecclesia,
3277 4174 3396 4227 quae
3424 4155 3693 4227 ampliatis

2123 4228 2387 4278 mtenibus
2418 4239 2556 4277 nunc
2583 4233 2667 4276 est
2700 4224 2836 4277 intra
2867 4240 3064 4289 muros,
3094 4227 3153 4280 8.
3183 4224 3425 4282 Autberti
3453 4224 3688 4284 ab'batia.

2127 4293 2400 4363 Videiejus
2434 4292 2604 4345 Vitam
2634 4294 2771 4359 apud
2802 4295 3034 4359 Surinm,
3068 4305 3199 4349 tom.
3231 4298 3317 4349 Vl.

2196 4369 2219 4396 θ
2245 4362 2452 4416 Judaei.
2485 4364 2599 4427 Quo
2643 4378 2783 4416 anno
2820 4364 2878 4417 S.
2909 4363 3136 4419 Judocus
3182 4365 3394 4431 obierit,
3431 4366 3687 4423 incertum

2119 4442 2221 4486 est.
2250 4432 2484 4486 Judicael
2518 4432 2799 4486 Britannia:
2828 4434 3044 4487 minoris
3072 4450 3162 4489 rex
3190 4433 3393 4491 Judoco
3420 4436 3563 4491 fratri
3590 4446 3694 4491 Ar-

2119 4506 2335 4574 mortem
2353 4502 2611 4574 ditionem
2638 4504 2908 4574 resignare
2930 4504 3094 4557 voluit
3118 4519 3258 4559 anno
3286 4506 3566 4574 Dagoberti
3599 4509 3690 4571 i5,

2117 4570 2314 4625 Christi
2344 4570 2465 4622 656.
2495 4570 2752 4634 Judocns,
2784 4572 3077 4639 impetratis
3105 4584 3227 4626 octo
3276 4570 3482 4629 dierum
3534 4570 3693 4631 indu;

2118 4642 2236 4705 ciis,
2268 4642 2319 4693 in
2352 4642 2629 4695 Pontivum
2661 4641 2810 4713 fugit,
2840 4643 2925 4693 ubi
2958 4643 3097 4711 apud
3139 4644 3465 4713 llaymonem
3496 4646 3690 4701 ducem

2118 4724 2213 4779 per
2239 4721 2441 4778 septem
2471 4724 2639 4762 annos
2669 4711 2982 4778 hospitatus,
3015 4728 3155 4766 anno
3185 4711 3309 4779 om,
3342 4716 3395 4767 in
3440 4717 3692 4770 solitudi-

2117 4794 2237 4833 nem
2286 4780 2657 4833 Brahicensem
2688 4795 2747 4834 se
2791 4784 3010 4847 recepit.
3045 4784 3253 4837 Exactis
3289 4785 3482 4838 ibidem
3529 4787 3690 4841 annis

2116 4859 2261 4914 octo,
2288 4849 2508 4919 secessit
2535 4848 2587 4902 in
2631 4849 2804 4902 locum
2850 4852 3002 4919 cujus
3030 4853 3347 4906 vocabulum
3378 4854 3685 4919 Buniacus;

2116 4918 2268 4971 annis
2295 4918 2378 4983 15,
2399 4932 2520 4990 seu,
2569 4919 2642 4971 uti
2671 4920 2831 4990 apud
2859 4918 3069 4973 Surium
3114 4922 3321 4990 legitur,
3349 4925 3413 4976 14
3436 4924 3545 4978 illic
3569 4939 3691 4979 mo-

2117 4996 2346 5059 raturus.
2376 4986 2596 5059 _thimo
2640 4986 2882 5059 consedit
2928 4989 2980 5042 in
3031 4986 3508 5047 loco—monasterii
3560 4996 3687 5059 sui;

2115 5058 2343 5123 quandiu
2375 5057 2443 5110 ibi
2490 5058 2765 5122 manserit,
2808 5059 3022 5112 dubium
3066 5071 3169 5114 est.
3201 5063 3357 5114 Certe
3406 5057 3687 5118 aedificatus

2116 5124 2253 5179 facili
2284 5127 2698 5201 .operadnobns
2728 5129 2993 5201 oratoriis,
3030 5132 3269 5201 ttornano
3316 5132 3506 5185 itinere
3561 5148 3688 5201 per-

2114 5206 2254 5266 ai-to,
2282 5195 2425 5249 brevi
2455 5196 2751 5266 decessisse
2780 5198 3016 5251 scribunt
3046 5199 3366 5264 Florentius,
3397 5202 3537 5266 apud
3562 5195 3691 5255 ~Son-

2115 5264 2276 5338 rium,
2310 5265 2559 5338 torn.»Vl,
2596 5275 2664 5338 et_
2697 5277 2882 5338 auctor
2926 5282 3222 5338 anonymus
3252 5274 3389 5338 apud
3436 5264 3690 5325 Mabillo-

2114 5336 2283 5398 nium,
2311 5336 2505 5388 saeculo
2542 5350 2597 5388 ιι.
2640 5333 2873 5390 Judocus
2899 5333 3226 5392 autem‘ante
3253 5333 3450 5393 annum
3480 5341 3690 5395 Christi

2115 5401 2218 5473 ($65
2246 5404 2464 5457 Romam
2510 5406 2777 5471 profectus
2802 5416 2920 5471 est;
2948 5407 3196 5473 quocirca
3228 5409 3342 5462 eius
3383 5412 3562 5463 obitus
3605 5412 3691 5464 vi-

2114 5471 2266 5526 detur
2289 5473 2353 5526 ad
2383 5489 2578 5526 annum
2607 5474 2708 5528 668
2738 5471 3066 5529 referendus.

2192 5546 2211 5584 ί
2248 5543 2453 5607 Oditiw.
2481 5545 2606 5609 Qum
2628 5545 2815 5598 claruit
2846 5548 2983 5599 circa
3006 5560 3202 5600 annum
3232 5545 3361 5612 700,
3392 5557 3449 5601 ut
3473 5558 3687 5604 constat

2115 5627 2179 5667 ex
2207 5612 2403 5665 Chron.
2430 5613 2608 5667 Germ.

2186 5690 2211 5729 ϐ
2243 5681 2482 5736 ϐίη-ινξιδὶὶ.
2512 5686 2580 5738 De
2611 5682 2688 5737 his
2718 5685 2856 5749 vide,
2881 5699 3059 5756 supra,
3086 5685 3172 5743 die
3197 5700 3285 5741 xu
3311 5686 3473 5742 Junii.
