4054 6190
412 306 538 358 Ηῖδ

1518 300 1705 355 SEC'I'.
1751 299 1811 354 ll.
1861 328 1929 341 —-
1961 292 2514 356 MARTYROLOGIA.

3500 292 3635 355 1134

1643 414 1865 470 EDITIO
1902 408 2368 467 COLONIENSIS.

402 530 494 580 per
524 514 733 565 metalla
785 513 1147 579 damnaverat,
1177 510 1262 580 qui
1312 510 1469 563 etiam
1504 510 1864 577 propltcticam
1889 507 1970 556 vi-
2001 526 2046 576 Α
2074 502 2329 563 Candidi,
2384 498 2595 555 Crcliani
2626 540 2638 559 ,
2690 496 2885 562 Marci,
2940 494 3175 549 Januarii
3229 504 3283 548 et
3335 495 3632 552 Fortunati.

402 614 505 654 tam
531 601 702 655 duxit.
733 600 988 668 Lugdune
1019 597 1201 653 Gallia:
1247 599 1414 653 sancti
1450 599 1676 651 Viatoris
1706 596 1965 664 episcopi.

406 690 623 745 lthemis
675 690 866 744 Nicasii
896 691 1151 759 episcopi,
1211 701 1263 743 et
1314 688 1605 757 Eutrapias,
1641 687 1888 756 Aspediae
1918 694 1972 740 et

398 782 675 836 Theodoli.

468 871 527 925 F.
575 871 736 925 XVIII
786 871 1020 927 Kaceun.
1054 872 1170 927 ΠΝ.
1204 901 1273 913 -
1312 870 1460 940 Apud
1505 870 1741 925 Africam
1791 871 1966 924 sancti

401 960 660 1014 Valeriani
689 963 921 1029 episc0pi
967 972 1021 1017 et
1048 962 1392 1027 confessoris,
1432 963 1520 1031 qui
1554 973 1790 1030 tempore
1824 960 1964 1014 Van-

396 1051 580 1106 dalicae
630 1054 1014 1119 persecutionis
1066 1069 1185 1107 cum
1251 1070 1313 1108 ex
1362 1063 1624 1120 praecepto
1694 1050 1963 1106 Genserici

398 1142 533 1210 regis
563 1143 741 1195 Ariani
801 1144 866 1196 ad
897 1144 1209 1197 tradendum
1267 1144 1444 1198 divina
1475 1143 1725 1212 mysteria
1771 1142 1855 1195 vel
1901 1141 1964 1195 li-

398 1232 520 1286 bras
568 1241 898 1287 arctarentur
930 1235 1131 1287 .cuncti
1184 1234 1388 1286 Domini
1442 1233 1769 1298 sacerdotes,
1804 1231 1876 1284 ita
1908 1238 1964 1284 ut

396 1322 533 1376 idem
587 1324 730 1391 impii
775 1324 952 1378 Ariani
1002 1326 1068 1379 de
1115 1325 1243 1392 ipsis
1275 1323 1448 1393 palliis
1491 1324 1670 1375 altaris
1715 1321 1964 1374 cantisias

395 1416 495 1467 sibi
542 1424 595 1469 et
647 1415 916 1469 femoralia
970 1415 1223 1477 facerent,
1269 1416 1491 1467 viriliter
1535 1429 1600 1466 ne
1631 1423 1962 1465 sacramenta

398 1506 575 1559 divina
605 1507 839 1560 traderet
885 1506 1166 1571 dimicans,
1219 1516 1366 1559 extra
1416 1504 1684 1559 civitatem
1721 1503 1960 1571 singula-

397 1594 525 1647 riter
552 1595 743 1660 expelli
781 1595 959 1663 jussus
988 1604 1091 1660 est,
1136 1603 1190 1649 et
1217 1594 1289 1648 ita
1324 1602 1665 1663 prmceptum,
1699 1604 1755 1647 ut
1786 1594 1962 1648 nullus

397 1698 517 1737 eum
547 1699 717 1752 neque
747 1685 797 1737 in
826 1685 1002 1748 domo,
1030 1701 1204 1753 neque
1231 1686 1283 1738 in
1318 1700 1445 1753 agro
1482 1684 1771 1739 dimitteret
1803 1683 1959 1738 habi-

403 1785 535 1830 tare.
588 1778 827 1845 Cumque
867 1784 1007 1830 esset
1053 1791 1307 1830 annorum
1352 1777 1624 1843 plusquam
1671 1775 1955 1843 octrginta,

397 1864 448 1917 in
488 1873 648 1919 strata
691 1866 891 1932 publica
924 1866 1087 1918 multo
1141 1874 1377 1933 tempore
1418 1865 1581 1933 jacuit
1630 1865 1802 1919 nudus
1851 1866 1949 1918 sub
1990 1886 2014 1933 ,-

394 1967 538 2018 aere,
568 1953 747 2021 sicque
794 1956 842 2007 in
890 1956 1221 2010 confessione
1248 1955 1525 2010 catholica:
1572 1957 1809 2010 veritatis
1838 1971 1959 2010 cur-

395 2055 510 2096 Sum
551 2043 721 2099 beatae
770 2047 889 2099 vita:
944 2046 1196 2114 implevit.
1256 2047 1553 2101 Aurelianis
1604 2047 1745 2101 beati
1789 2048 1959 2101 Maxi-

396 2134 522 2188 mini
564 2136 875 2205 presbyteri.
928 2136 983 2190 In
1032 2136 1207 2191 Africa
1256 2136 1430 2191 natale
1469 2136 1739 2200 Faustini,
1791 2137 1959 2197 Lucii,

2141 592 2204 645 (ἶ.
2258 590 2394 644 XVII
2423 588 2664 643 KsLI-zszi.
2696 586 2817 639 Jan.
2863 614 2931 624 -—
2962 584 3265 655 Martyrium
3298 585 3450 639 trium
3492 587 3637 641 viro.-

2074 700 2187 738 rum
2220 693 2523 737 sanctorum
2556 680 2793 746 Ananiae,
2830 677 3031 731 Azarize
3059 686 3111 731 et
3140 677 3390 731 Misaelis.
3440 678 3495 731 In
3526 677 3637 731 Tu-

2076 774 2185 829 scia
2214 783 2413 826 sancta:
2455 770 2701 824 Barbara:
2755 767 2993 837 virginis,
3038 782 3153 834 qua:
3187 774 3425 835 tempore
3470 766 3638 820 Maxi~

2072 863 2287 916 ntiniani
2356 844 2691 928 imperatoris
2754 870 2907 924 passa
2965 864 3046 909 est
3078 870 3170 921 pro
3231 854 3462 908 Christo.
3512 854 3638 908 llaec

2071 954 2296 1021 primum
2344 966 2372 1004 a
2403 961 2552 1019 patre
2603 966 2699 1005 suo
2747 950 3004 1003 Dioscoro
3047 946 3135 999 ditt
3167 946 3358 1001 afﬂicta
3387 947 3484 1001 sub
3522 947 3635 1000 dira

2067 1040 2328 1107 custodia,
2361 1041 2555 1093 deinde
2584 1041 2773 1093 tradita
2821 1037 3029 1106 praesidi
3062 1027 3345 1102 Marciano,
3374 1047 3427 1090 et
3454 1051 3643 1106 exSpn-

2069 1129 2213 1193 liata,
2249 1131 2429 1183 nervis
2458 1130 2656 1182 laureis
2692 1127 2844 1179 valde
2889 1141 3026 1179 cassa
3056 1134 3109 1179 et
3139 1126 3400 1194 discerpta
3444 1134 3544 1189 est,
3585 1137 3639 1184 et

2066 1220 2239 1273 cilicio
2269 1219 2431 1288 plaga‘
2459 1217 2573 1286 ejus
2621 1216 2921 1277 defricatae;
2957 1215 3078 1268 inde
3115 1219 3318 1268 reclusa
3362 1215 3415 1268 in
3454 1231 3637 1269 carce-

2067 1328 2202 1377 rem,
2233 1313 2320 1365 ubi
2368 1312 2487 1364 luce
2517 1309 2694 1364 divina
2726 1307 2997 1363 consolata
3027 1316 3127 1358 est.
3164 1306 3363 1363 Deinde
3390 1307 3528 1360 circa
3562 1307 3637 1359 la-

2068 1411 2176 1456 tera
2218 1405 2334 1471 ejus
2364 1400 2634 1468 lampades
2664 1398 2962 1467 applicatus,
2995 1405 3049 1449 et
3088 1395 3294 1449 malleis
3334 1405 3493 1465 caput
3522 1397 3637 1464 ejus

2064 1509 2279 1557 cmsum,
2311 1502 2363 1545 et
2388 1491 2632 1544 mamillae
2652 1491 2765 1557 ejus
2790 1487 3055 1557 praecisaz;
3081 1484 3274 1541 deinde
3297 1500 3390 1555 per
3436 1496 3637 1554 plateas

2064 1586 2441 1647 circumducta,
2468 1595 2517 1636 et
2541 1583 2767 1651 ﬂagellis
2786 1579 3084 1634 diutissime
3113 1578 3306 1631 afﬂicta
3333 1587 3435 1640 est,
3460 1578 3524 1631 ad
3542 1594 3635 1632 ex.

2064 1686 2288 1732 tremum
2312 1690 2434 1728 vero
2455 1673 2630 1742 gladio
2654 1672 2963 1741 martyrium
2988 1670 3391 1722 consummavit.
3426 1669 3630 1723 Raven-

2062 1785 2143 1823 na:
2168 1766 2453 1829 Valentini,
2498 1764 2730 1830 Navalis,
2788 1762 3065 1830 Agricohn,
3093 1759 3375 1815 Concordi.
3420 1762 3636 1821 Viennze

2066 1860 2200 1914 beati
2254 1858 2453 1913 Adonis
2499 1858 2751 1924 episcopi.
2804 1854 3001 1908 Eodem
3050 1853 3137 1907 die
3192 1854 3467 1907 translatio
3508 1870 3637 1908 san,

2065 1961 2270 2005 ctorum
2301 1958 2588 2017 martyrum
2627 1944 2910 2013 Simplicii,
2942 1940 3175 1997 Faustini
3208 1952 3263 1997 et
3292 1945 3563 1998 Beatricis.

2136 2044 2202 2095 A.
2232 2038 2367 2095 XVII
2391 2039 2625 2095 Kacsao.
2657 2037 2774 2091 In.
2816 2064 2887 2075 --
2923 2034 3222 2090 Translatio
3252 2034 3418 2089 sancti
3458 2035 3640 2103 Ignatil

2071 2134 2339 2202 martyris,
2400 2130 2485 2199 qui
2542 2129 2729 2182 tertius
2763 2134 2882 2195 post
2937 2126 3148 2180 Petrum
3196 2126 3489 2192 apostolum
3521 2128 3641 2181 Anq

1627 2224 1855 2279 EDITIO
1892 2219 2396 2278 BOLLANDIANA.

465 2315 651 2369 Florus
696 2315 747 2369 in
778 2316 844 2370 A.
873 2315 936 2369 Τ.
971 2314 1033 2370 L.
1060 2334 1072 2367 :
1105 2315 1437 2386 Jerosolyma
1485 2316 1664 2383 passio
1695 2315 1793 2371 SS.
1822 2315 1953 2369 Justi

398 2415 451 2458 et
483 2406 720 2469 Abundi;
761 2407 847 2474 qui
894 2415 1017 2474 post
1066 2406 1266 2475 alapas,
1296 2420 1540 2460 carceres
1568 2412 1624 2460 et
1670 2416 1815 2459 rotas
1851 2404 1958 2473 igni

400 2496 576 2550 traditi
622 2505 746 2549 sunt
776 2497 877 2548 sub
926 2494 1249 2550 Numeriano
1281 2496 1604 2563 imperatore
1652 2504 1704 2547 et
1745 2494 1961 2564 Olybrio

397 2585 664 2655 praefecto.
717 2586 971 2655 Lngduno
1021 2585 1117 2657 [L.
1148 2602 1249 2638 om.
1279 2585 1556 2655 Lugduno,
1588 2583 1709 2655 etc.]
1752 2585 1963 2639 civitate

398 2678 655 2744 depositio
677 2676 734 2731 S.
763 2676 991 2730 Viatoris
1016 2678 1272 2745 episcopi.
1297 2676 1516 2730 Rhemis
1546 2677 1722 2743 passio
1744 2677 1799 2729 8.
1830 2685 1854 2711 η
1874 2675 1965 2728 Ni-

398 2769 523 2821 casii
552 2769 782 2836 episcopi
815 2768 888 2839 [et
919 2769 1185 2838 martyris,
1214 2768 1522 2835 sororisque
1546 2768 1661 2833 ejus
1692 2767 1962 2834 Eutrapize

401 2856 619 2926 virginis
646 2874 763 2912 cum
792 2860 911 2912 aliis
938 2860 1175 2926 ejusdem
1216 2860 1359 2913 urbis
1387 2858 1592 2913 civibus
1617 2856 1669 2927 ιι]
1713 2858 1798 2923 qui
1829 2858 1961 2911 mis-

403 2963 578 3002 sarum
607 2950 1026 3004 solemnitatibus
1057 2951 1304 3018 peractis,
1338 2965 1366 3003 a
1400 2948 1652 3002 Vandalis
1694 2948 1827 3002 infra
1858 2949 1959 3003 Ec-

400 3039 613 3094 clesiam
648 3039 1019 3093 Rhemensium
1050 3054 1233 3106 passus
1254 3050 1335 3092 est
1365 3039 1694 3109 martyrium.

478 3130 537 3183 B.
578 3128 635 3182 C.
684 3128 767 3193 V.,
820 3128 1072 3198 Lugduno
1120 3129 1177 3183 8.
1227 3129 1457 3183 Victoris
1495 3127 1637 3252 ὧν..
1681 3126 1957 3201 Viatoris].

478 3214 610 3251 enna
638 3209 657 3236 ε
688 3199 943 3252 Lupicini.
970 3200 1184 3252 lthemis
1215 3201 1388 3251 natale
1410 3199 1467 3252 S.
1544 3198 1683 3250 icasii
1707 3197 1957 3252 cnisconi.

407 3199 610 3253 Vienna
638 3209 657 3236 ε
688 3197 943 3263 Lupicini.
970 3200 1184 3253 lthemis
1215 3201 1388 3251 natale
1410 3199 1467 3252 S.
1495 3197 1683 3252 Nicasii
1707 3197 1959 3265 episcopi.

401 3272 462 3324 Β.
497 3270 678 3335 primis
709 3268 913 3321 duobus
954 3268 1100 3324 addit
1148 3269 1355 3320 titulum
1387 3269 1619 3335 episc0pi
1651 3277 1705 3321 et
1751 3270 1961 3333 deposi-

404 3339 598 3413 t_ion_etn
646 3338 1036 3413 llOﬂllDaI,‘D._,
1069 3337 1381 3413 Sanctorum
1424 3345 1723 3413 _ma_r_tyrum
1768 3338 1953 3413 Drusi,
1985 3353 2031 3413 ο

402 3406 628 3467 Zosimi.
660 3418 711 3459 et
755 3406 1042 3460 'Iheodori.
1091 3407 1172 3469 8.,
1212 3406 1265 3458 ln
1314 3405 1594 3460 Antiochia
1641 3408 1815 3459 natale
1863 3408 1956 3462 SS.

404 3476 557 3529 Drusi
582 3486 635 3528 et
660 3476 920 3528 sociorum
951 3475 1084 3543 ejus.

474 3564 559 3618 15.
583 3593 652 3603 --
679 3564 841 3619 XVIII
867 3564 1001 3619 Κλι..
1036 3564 1197 3617 Vacat
1228 3564 1401 3617 Breda.

473 3656 661 3710 Florus
688 3654 739 3709 in
771 3657 835 3710 A.
869 3655 931 3709 Τ.
980 3656 1081 3710 1...:
1134 3657 1430 3711 Aurelianis
1480 3656 1746 3727 depositio
1796 3656 1965 3710 sancti

402 3745 697 3800 Maximiani
774 3747 1061 3816 presbyteri
1141 3756 1194 3802 et
1251 3747 1572 3802 confessoris
1640 3747 1967 3817 (Hucusque

400 3836 550 3890 etiam
593 3838 652 3891 Β.
696 3836 810 3906 V.),
842 3837 930 3906 qui
970 3838 1020 3891 in
1051 3851 1255 3891 summa
1302 3839 1550 3907 religione
1594 3839 1813 3909 degens,
1854 3839 1969 3908 ejus

2063 2309 2264 2364 meritis
2294 2309 2455 2361 multa
2482 2306 2729 2361 miracula
2761 2304 3013 2357 Dominus
3042 2303 3246 2369 operari
3278 2302 3517 2372 dignatus
3537 2314 3639 2358 est-

2140 2400 2226 2463 D.,
2264 2396 2527 2450 Valeriani
2552 2392 2578 2430 ἀ
2608 2394 2837 2461 episcdpi
2868 2404 2933 2463 et
2964 2391 3305 2446 confessoris.
3358 2392 3418 2445 C.
3465 2392 3550 2458 V.,
3584 2394 3639 2449 In

2078 2468 2255 2523 Africa
2298 2468 2353 2519 S.
2398 2465 2597 2524 Fausti,
2629 2464 2809 2525 Lucii,
2841 2462 3096 2532 Candidi,
3129 2466 3541 2532 martyrum._A.
3575 2464 3640 2517 Τ.

2070 2539 2130 2592 L.
2167 2538 2250 2602 D.,
2276 2537 2327 2589 ln
2360 2535 2532 2588 Africa
2563 2536 2734 2587 natale
2764 2532 2861 2588 SS.
2895 2531 3114 2585 Candidi
3146 2530 3493 2604 [B.,‘Candt],
3521 2533 3641 2595 (Jac-

2071 2608 2244 2662 ciliani
2275 2617 2325 2659 et
2356 2604 2554 2657 Fausti.

2143 2698 2231 2751 16.
2254 2728 2321 2738 —
2353 2694 2488 2747 XVII
2514 2693 2649 2747 ΚΑι..
2678 2691 2845 2745 Vacat
2876 2692 3075 2744 Baeda-

2146 2787 2234 2853 D.,
2263 2785 2446 2837 Trium
2479 2783 3043 2853 martyrumﬁnaniaa,
3072 2781 3274 2853 Azarige
3303 2781 3636 2853 etMisaelis,

2069 2858 2130 2910 Β.
2162 2849 2251 2919 V.,
2274 2854 2521 2908 Ravenna
2546 2849 2718 2905 natale
2738 2849 2837 2904 SS.
2866 2852 2888 2880 °
2916 2850 3198 2913 Valentini,
3225 2850 3454 2909 Navalis.
3482 2854 3631 2919 Agri.

2069 2928 2222 2989 cohe,
2253 2923 2579 2979 Concordiae.
2625 2922 2689 2973 A.
2716 2922 2778 2973 Τ.
2814 2921 2897 2984 L.,
2930 2919 3179 2989 Ravenna
3214 2920 3385 2989 natale
3414 2919 3511 2989 SS.
3546 2922 3639 2973 Va-

2072 2987 2278 3059 lentini,
2311 2994 2539 3055 Navalis,
2568 2989 2928 3060 etCoucordii
2973 2987 3507 3060 [II,AetrCroncurdi].
3540 2994 3627 3057 A.,

2073 3066 2128 3119 In
2172 3058 2357 3118 'I‘uScia
2408 3063 2583 3131 passio
2625 3058 2740 3131 8.]
2773 3058 3015 3131 Barbara:
3060 3058 3276 3131 virginis
3319 3060 3418 3131 sub
3467 3061 3630 3112 Maxi-y

2071 3137 2246 3189 tniano
2290 3128 2626 3201 imperatore.
2675 3128 2763 3191 T.,
2794 3128 3285 3201 Eth'l‘ransitusuS.
3316 3137 3358 3201 s_
3378 3128 3626 3201 Everardi

2069 3196 2411 3258 confessoris.
2444 3202 2527 3268 D.,
2558 3201 2766 3254 Arelate
2785 3197 3047 3252 dedicatio
3076 3197 3305 3251 basilicae
3327 3196 3384 3252 S.
3410 3197 3437 3235 ιι
3458 3198 3631 3262 Gene-

2068 3276 2133 3329 sii
2164 3272 2436 3344 martyris.

2132 3369 2218 3421 17.
2241 3396 2312 3408 -
2345 3363 2364 3401 ί
2396 3361 2513 3418 XVI
2542 3361 2676 3417 ΚΑι..
2711 3360 2893 3415 Natale
2923 3359 2978 3413 S.
3007 3357 3023 3408 ἕ
3064 3357 3243 3428 lgnatii
3264 3414 3267 3417 ,
3291 3359 3528 3428 episcopi
3576 3369 3636 3415 et

2073 3458 2351 3526 martyris;
2384 3454 2475 3521 qui
2506 3454 2692 3506 tertius
2736 3450 3033 3504 Antiochia:
3081 3457 3200 3514 post
3246 3448 3461 3503 Petrum
3508 3466 3640 3516 apo.

2071 3546 2263 3602 stolum
2314 3544 2617 3611 episcopus,
2646 3539 2959 3594 duodecimo
2989 3538 3199 3605 Trajani
3245 3554 3402 3605 anno,
3434 3539 3500 3594 ad
3545 3543 3640 3594 be.

2072 3638 2202 3692 stias
2233 3638 2436 3691 vinctus
2469 3637 2650 3690 Romae
2680 3636 2875 3690 missus
2901 3644 3006 3690 est.
3037 3635 3290 3704 Reliquiae
3322 3646 3495 3691 tamen
3522 3652 3641 3691 cor.

2076 3731 2219 3798 poris
2242 3729 2356 3798 ejus
2382 3728 2678 3782 Antiochia:
2702 3728 2878 3794 jacent
2903 3725 2977 3796 (ιι
2986 3742 3198 3794 ucusque
3218 3726 3286 3780 Α.
3311 3737 3355 3781 et
3383 3727 3474 3797 Τ.)
3492 3738 3641 3787 extra

2075 3831 2280 3889 portam
2310 3818 2337 3861 ¹ι
2369 3820 2736 3889 Daphniticam
2764 3818 2816 3874 in
2844 3819 3148 3874 cmmeterio
3176 3819 3434 3879 ecclesiaz.

1773 3932 1977 3989 SMITH
2017 3932 2242 3987 ΝΟΤίΕ.

473 4034 496 4060 ι
530 4022 745 4077 Nicasii.
789 4022 850 4075 Ili
899 4022 1035 4089 passi
1081 4032 1202 4076 sunt
1248 4038 1386 4075 anno
1430 4021 1553 4085 455,
1604 4031 1661 4074 ut
1708 4032 1849 4088 patet
1897 4038 1961 4077 ex

401 4092 665 4146 Chronico
748 4092 1032 4146 Ithemensi
1121 4093 1257 4160 apud
1326 4093 1521 4147 Labbei
1591 4092 1722 4145 Bibl.
1805 4108 1960 4155 nov.,

399 4173 530 4216 Lom.
560 4163 599 4214 Ι.

473 4236 499 4274 b
532 4232 613 4300 Ab
640 4242 683 4283 et
710 4233 946 4300 martyris
973 4230 1036 4283 ad
1065 4232 1255 4284 civibus
1282 4232 1429 4286 deest
1457 4232 1507 4284 in
1538 4230 1601 4284 Τ.

475 4309 498 4338 ο
528 4299 782 4369 Lupicini.
812 4299 1139 4369 Maurolycus
1161 4310 1216 4354 et
1245 4300 1536 4355 Galesmius
1561 4301 1785 4355 natalem
1818 4301 1960 4356 illius

401 4369 669 4424 celebrant
699 4368 798 4423 hac
824 4370 930 4435 die,
964 4368 1151 4437 quibus
1175 4371 1389 4424 Tabula:
1419 4370 1671 4424 Ecclesiae
1700 4370 1959 4425 Viennen-

401 4442 474 4493 sis
502 4442 551 4493 in
579 4438 742 4492 Gallia
767 4440 1133 4504 astipulantur.

474 4513 499 4552 ὁ
538 4508 821 4563 Valeriani.
865 4510 1090 4563 Abensis
1127 4510 1354 4564 civitatis
1384 4511 1433 4562 in
1467 4508 1640 4561 Africa
1686 4510 1955 4577 episcopi;

400 4579 488 4648 qui
521 4581 644 4631 dum
674 4579 895 4632 viriliter
938 4589 1268 4648 sacramenta
1316 4580 1490 4633 divina
1524 4593 1589 4631 ne
1620 4578 1847 4631 traderet
1874 4580 1957 4633 di-

405 4647 672 4713 tniCasset,
722 4648 861 4701 foras
900 4647 1165 4701 civitatem
1192 4650 1471 4718 singularis
1493 4648 1670 4716 jussus
1696 4659 1778 4702 est
1805 4651 1957 4714 pelli;

404 4727 458 4770 et
488 4719 555 4769 ita
588 4728 904 4784 praeceptum
942 4726 1023 4769 est
1053 4727 1108 4770 ut
1134 4720 1303 4772 nullus
1328 4735 1447 4774 eum
1473 4760 1488 4778 ,
1524 4733 1692 4785 neque
1721 4720 1771 4771 in
1802 4719 1961 4773 domo

404 4802 576 4855 neque
606 4789 826 4854 inagro,
855 4786 1143 4841 dimitteret
1183 4789 1438 4842 habitare.
1470 4791 1564 4852 Qui
1594 4790 1647 4841 in
1674 4798 1831 4841 strata
1859 4806 1962 4854 pn-

402 4856 534 4908 blica
567 4857 732 4908 multo
778 4866 1012 4921 tempore
1042 4858 1179 4910 nude
1217 4858 1379 4924 jacuit
1413 4859 1462 4910 in
1507 4872 1651 4910 aere.
1686 4861 1958 4911 Annorum

401 4937 575 4995 autem
607 4933 719 4995 erat
760 4926 876 4991 plus
904 4939 1025 4978 ιιι.
1056 4928 1255 4982 Vtcron
1297 4927 1560 4995 Vtrcssm,
1590 4929 1657 4980 de
1700 4928 1959 4982 Persecu-

403 4993 546 5047 tione
575 4993 839 5047 Africana.

481 5069 503 5096 θ
542 5060 1082 5136 Valentiui._Magistri
1114 5066 1363 5130 militum,
1390 5065 1667 5120 Concordii
1691 5065 1806 5131 ejus
1839 5065 1956 5132 filii,

400 5132 611 5186 Navalis
641 5143 695 5186 et
718 5132 1001 5202 Agricolae,
1032 5139 1117 5203 qui
1162 5136 1212 5187 in
1247 5138 1611 5201 persecutione
1657 5138 1958 5189 Maximiani

403 5219 498 5270 pro
541 5204 752 5255 Christo
784 5207 920 5269 passi
966 5214 1107 5258 sunt.
1141 5205 1373 5269 Ipsorum
1423 5206 1731 5273 martyrium
1779 5215 1959 5259 narrat

402 5273 709 5342 llicronytn.
739 5273 899 5336 Rub.,
930 5275 1123 5328 Histor.
1156 5274 1377 5337 Raven.,
1412 5275 1447 5328 Ι.
1485 5289 1538 5328 ιι.

475 5342 493 5379 ι
530 5340 790 5397 Barbam.
824 5344 945 5398 Haec
978 5346 1204 5409 primum
1233 5361 1260 5397 a
1294 5355 1439 5411 patre
1468 5360 1564 5397 suo
1593 5344 1840 5398 Dioscoro
1868 5344 1958 5398 ditt

400 5412 600 5466 afﬂicta
629 5412 728 5465 sub
756 5414 872 5466 dira
911 5415 1170 5474 custodia.
1202 5414 1325 5468 dein
1356 5415 1543 5467 tradita
1580 5416 1789 5481 praesidi
1824 5416 1958 5468 Mar-

401 5484 565 5544 tiano,
601 5483 913 5550 cxspoliata,
946 5485 1119 5537 nervis
1158 5494 1213 5537 et
1242 5486 1437 5537 tanreis
1477 5485 1629 5537 valde
1657 5499 1814 5547 Caesa,
1846 5488 1956 5537 dis-

402 5562 586 5624 cerpta
611 5561 713 5617 est,
771 5562 823 5605 et
853 5553 1023 5607 cilicio
1056 5555 1219 5624 plagc
1248 5554 1362 5621 ejus
1392 5554 1680 5624 defricatus.
1717 5555 1837 5607 Inde
1868 5569 1954 5607 rc-

400 5624 544 5674 clusa
574 5621 625 5674 in
654 5636 896 5686 carcere;
927 5621 1215 5677 rnox’circa
1247 5624 1405 5677 latera
1438 5623 1552 5691 ejus
1580 5624 1843 5692 lampades
1872 5640 1957 5676 ar-

397 5695 585 5750 dentes
614 5692 907 5763 applicatur,
936 5703 989 5747 et
1019 5702 1177 5762 caput
1204 5696 1317 5763 ejus
1346 5695 1548 5749 malleis
1576 5704 1873 5761 contusum,
1904 5702 1956 5747 ct

2068 4023 2314 4095 mamillae
2364 4022 2482 4095 ejus
2520 4022 2785 4095 praecisae.
2843 4022 3059 4095 Deinde
3096 4024 3233 4077 nuda
3290 4040 3384 4094 per
3441 4027 3641 4095 plateas

2066 4092 2245 4157 ducta,
2281 4102 2334 4145 et
2378 4093 2602 4160 ﬂagellis
2647 4092 2943 4146 diutissime
2986 4094 3178 4147 afﬂicta
3210 4092 3321 4157 est;
3354 4092 3640 4151 ad’extre.

2065 4178 2208 4216 mum
2238 4162 2410 4230 gladio
2444 4163 2754 4230 martyrium
2781 4164 3189 4216 consummavit.
3216 4164 3349 4217 Aoo.

2138 4238 2163 4275 8
2198 4230 2464 4284 Everardi.
2495 4230 2591 4285 llic
2620 4231 2844 4299 quiescit
2874 4232 2925 4284 in
2955 4231 3172 4285 Cisonio
3204 4235 3260 4287 S.
3292 4233 3494 4288 Callisti
3526 4251 3639 4289 mo-

2067 4303 2321 4373 nasterio,
2354 4302 2493 4373 quod
2521 4310 2605 4373 est
2634 4300 3008 4373 canonicogtm
3039 4302 3323 4373 ordinisAS.
3356 4304 3636 4373 Augustini

2066 4373 2201 4425 inter
2230 4370 2431 4423 Insulas
2459 4380 2514 4423 et
2541 4370 2859 4424 Tornacum.
2894 4369 3013 4423 Fuit
3065 4371 3170 4424 dux
3224 4369 3627 4440 Forojuh'ensis,

1989 4437 2038 4495 D
2063 4442 2155 4495 sed
2184 4441 2302 4493 vita:
2326 4440 2607 4494 sanctitate
2636 4440 2880 4508 insignis,
2909 4445 2995 4509 qui
3028 4440 3171 4495 dicto
3200 4437 3497 4497 (liscuiensi
3527 4437 3633 4498 cmi-

2065 4513 2222 4564 nobio
2251 4510 2455 4563 initium
2486 4510 2649 4563 dedit.
2679 4510 2829 4575 Quod
2865 4511 3087 4563 Meierus
3133 4518 3281 4563 notat
3324 4527 3466 4565 anno
3507 4515 3630 4568 838.

2063 4581 2275 4635 Festum
2306 4580 2653 4648 depositionis
2682 4589 2765 4633 est
2798 4578 2861 4631 16
2903 4580 3235 4642 Decembris;
3270 4584 3631 4636 translationis

2059 4651 2145 4703 die
2194 4650 2260 4703 10
2308 4648 2545 4716 ejusdem
2593 4649 2810 4703 mensis.
2841 4649 3116 4714 Mounus,
3152 4650 3203 4703 in
3233 4648 3473 4706 Iudiculo
3511 4669 3633 4706 san-

2060 4732 2265 4774 ctorum
2304 4718 2491 4786 Belgii.

2132 4788 2156 4826 ιι
2199 4787 2417 4842 Genesit’.
2463 4786 2629 4857 Hujus
2676 4786 2869 4842 natalis
2916 4788 3219 4843 celebratur
3266 4789 3355 4844 die
3400 4789 3472 4846 25
3520 4791 3630 4846 Aug

2133 4876 2155 4910 s
2185 4875 2220 4911 I.

2059 4869 2178 4965 suit
2199 4928 2347 4981 Hunc
2376 4927 2516 4981 diem
2546 4942 2670 4981 cum
2697 4927 2940 4996 sequenti
2974 4928 3187 4982 invertit
3217 4927 3279 4984 C.

2133 5002 2146 5047 ι
2189 4998 2405 5067 lgnatii.
2447 4999 2609 5052 sacra
2653 4998 2707 5051 S.
2754 4997 2939 5067 lgnatii
2969 5013 3087 5051 ossa
3134 5000 3283 5054 initio
3326 5000 3506 5055 Romze
3551 5002 3633 5056 ins-

2059 5071 2190 5136 signi
2242 5072 2359 5140 loco
2405 5067 2688 5140 tleposita,_
2721 5078 2918 5140 postea,
2958 5069 3296 5140 Antiochiam
3358 5083 3630 5140 reportata

2059 5151 2203 5193 sunt.
2234 5138 2633 5193 Solemnitatetn
2678 5137 2813 5190 hanc
2842 5138 3116 5191 celebrant
3144 5138 3314 5194 Graeci
3342 5137 3635 5195 29'Janua-

2060 5211 2142 5271 rii,
2175 5209 2343 5261 Latini
2376 5221 2501 5259 vero
2534 5206 2596 5259 17
2644 5207 2968 5260 Decembris.
3003 5209 3075 5259 Ex
3110 5209 3306 5263 Latinis
3338 5211 3486 5264 solus
3521 5212 3631 5265 Ga-

2045 5278 2279 5331 ‘lesinius
2330 5279 2464 5329 banc
2510 5276 2908 5329 translationem
2960 5276 3197 5332 celebrat
3248 5280 3301 5333 in
3349 5280 3625 5343 Januario,

2060 5362 2164 5400 non
2215 5357 2387 5399 tamen
2438 5347 2523 5398 die
2568 5344 2661 5407 29,
2708 5359 2855 5398 more
2905 5344 3233 5411 Graecorum,
3265 5351 3355 5403 sed
3405 5351 3471 5403 18
3519 5350 3626 5401 die.

2060 5416 2209 5487 Hanc
2230 5417 2621 5487 translationem
2646 5415 2902 5487 describit
2926 5414 3335 5487 Chrysostomus
3365 5421 3414 5471 in
3449 5421 3626 5470 homi-

2060 5487 2149 5539 lia.
2174 5485 2478 5540 Galcsinius
2498 5486 2682 5538 scribit
2709 5488 2844 5539 hanc
2877 5485 3269 5542 translationem
3296 5488 3482 5542 factam
3508 5501 3630 5541 esse

2061 5557 2301 5624 proximo
2330 5564 2446 5621 post
2476 5556 2788 5624 martyrium
2813 5571 2974 5607 anno.

2131 5624 2556 5698 *‘Duphnitica‘m.
2583 5623 2770 5698 Postea
2797 5624 3061 5698 translata:
3085 5628 3320 5698 reliquis:
3343 5628 3440 5683 sub
3459 5626 3498 5684 Τ
3506 5625 3628 5689 heu-

2060 5695 2213 5755 dosio
2235 5696 2452 5753 iuniore
2475 5695 2528 5750 in
2557 5696 2809 5771 templum
2833 5694 3136 5764 Tycha-um,
