4054 6190
457 268 591 322 Ηῧ“ἰ

1191 268 1386 322 ΒΕΟᾹΞ
1432 266 1874 321 VLNI'LIIABILIS
1914 267 2061 321 OPP.
2105 266 2277 322 PARS
2324 268 2410 321 IV.
2452 298 2520 307 —
2563 268 2940 325 HISTORICA.

3554 284 3689 339 HE.)

1709 376 1933 429 EDITIO
1970 376 2435 432 COLONIENSIS.

452 469 751 522 tiochcnam
808 466 939 520 rexit
993 465 1301 520 Ecclesiam.
1360 466 1508 533 Apud
1562 467 1743 518 urbem
1798 467 2019 520 Romam
2057 472 2094 529 Λ
2124 465 2281 535 jussit
2318 468 2550 532 incendi,
2582 470 2828 537 ignorans
2852 473 2988 541 quod
3024 473 3335 530 crudelitate
3364 492 3458 530 sua
3492 480 3697 544 Optimo

453 573 659 629 passus,
690 557 781 612 sed
813 557 1105 611 Antiochia:
1153 556 1485 623 postmodum
1517 557 1781 623 sepultus.
1814 557 2014 612 Eodem

451 649 537 702 die
582 647 719 701 beati
776 646 980 711 Lazari,
1022 661 1176 715 quem
1210 646 1460 698 Dominus
1492 646 1767 699 suscitavit
1813 661 1840 698 a
1870 662 2017 699 mor-

412 742 421 779 5
451 739 572 803 tuis,
604 749 658 793 et
704 740 871 793 beata:
920 737 1135 790 Martha:
1166 737 1365 790 sororis
1409 738 1547 806 ejus,
1582 752 1813 802 quorum
1845 753 2013 791 vene-

448 829 668 884 rabilem
720 830 1026 882 memoriam
1070 838 1340 880 exstructa
1381 828 1605 882 ecclesia
1655 845 1758 882 non
1809 829 2017 896 longea

449 921 720 983 Bethania,
762 920 847 973 ubi
873 934 903 972 e
956 919 1127 974 vicino
1171 920 1359 973 domus
1399 934 1586 974 eorum
1629 920 1749 987 fuit,
1796 937 2019 975 conser-

447 1024 550 1065 vat.
583 1013 637 1065 In
670 1015 881 1066 Oriente
916 1013 1051 1080 apud
1096 1012 1548 1082 Eleutheropolim
1588 1013 1860 1067 civitatem
1897 1028 2015 1082 pas-

445 1108 525 1157 sio
556 1114 855 1158 sanctorum
891 1116 1182 1176 martyrum
1215 1104 1613 1172 quinquaginta,
1665 1106 1752 1172 qui
1787 1104 1885 1158 sub
1912 1104 2013 1160 Sus

446 1200 652 1250 racenis
683 1197 819 1264 passi
851 1205 994 1248 sunt.

516 1290 573 1343 Β.
630 1288 720 1341 XV
776 1288 1013 1345 KALEND.
1066 1287 1183 1341 hs.
1256 1315 1328 1326 —
1393 1286 1668 1339 Beatornm
1721 1296 2012 1353 martyium

447 1381 561 1434 liuli
613 1390 664 1434 et
692 1378 907 1441 Zoziini,
953 1378 1039 1446 qui
1063 1378 1129 1429 de
1160 1377 1263 1429 illis
1308 1376 1491 1444 primis
1540 1375 1813 1438 discipulis
1839 1385 2009 1439 erant,

445 1487 540 1540 per
574 1485 705 1537 quos
733 1469 995 1536 primitiva
1022 1450 1327 1519 licclesia'in
1350 1465 1548 1519 .Iudteis
1581 1474 1634 1518 et
1664 1465 1866 1519 Graecis
1893 1464 2013 1517 I‘un-

443 1562 563 1613 data
591 1568 689 1612 est.
723 1543 783 1611 lli
815 1560 1142 1625 requiescunt
1172 1558 1307 1623 apud
1346 1560 1610 1609 civitatem
1646 1557 2008 1610 Macedoniam

443 1648 718 1718 Philippis.
751 1649 900 1717 Apud
926 1648 1157 1701 Africam
1192 1649 1366 1702 natale
1399 1650 1563 1701 saneti
1598 1648 1837 1718 Moysitis
1868 1664 2011 1700 mar-

443 1743 592 1811 tyris.
624 1740 851 1794 Turonis
887 1740 1052 1793 sancti
1078 1739 1314 1793 Gratiani
1363 1742 1618 1806 episcopi,
1645 1742 1733 1807 qui
1778 1741 1841 1792 ad
1875 1757 2011 1809 prte-

2127 557 2340 626 tnartyri
2392 558 2791 613 similitudinem
2839 563 3128 616 Salvatoris
3182 566 3392 630 detulit,
3450 568 3542 635 qui
3595 583 3693 634 pro

2122 647 2292 700 salute
2345 647 2553 701 humani
2593 652 2802 715 generis
2831 668 2929 705 una
2978 668 3097 707 cum
3139 654 3433 711 latronibus
3474 660 3699 723 pertulit

2121 752 2352 792 crucem.
2371 740 2671 794 Aurelianis
2698 744 2864 796 sancti
2894 743 2993 797 Viti
3014 745 3239 813 abbatis,
3259 748 3550 815 quispiritu
3572 764 3701 817 pro-

2122 827 2314 894 phetiae
2366 829 2587 882 illustris
2644 830 2759 884 fuit.
2824 833 2875 885 In
2905 832 3218 888 Nicomedia
3245 835 3474 906 Cyriaci,
3510 849 3561 891 et
3598 840 3698 893 Pa-

2121 916 2214 980 Ilii,
2242 917 2489 984 Secundi,
2522 919 2807 990 Anastasii,
2832 936 2893 977 ac
2925 922 3165 992 Syddimi
3211 927 3605 996 episcoporum,
3645 940 3697 985 et

2121 1006 2361 1075 Gregorii
2394 1026 2451 1077 pa
2461 1024 2560 1077 pm.

2190 1096 2251 1150 D.
2280 1096 2393 1150 XIII
2432 1098 2563 1153 ΚΜ..
2595 1099 2712 1154 Jan.
2748 1132 2817 1141 —
2840 1102 3116 1158 Beatorum
3143 1117 3435 1180 martyrum
3464 1109 3693 1164 Ammo-

2119 1188 2222 1255 nis,
2255 1188 2500 1256 Zenonis,
2558 1192 2852 1257 Ptolomazi,
2912 1195 3107 1263 Ingenii
3151 1208 3206 1251 et
3238 1199 3544 1269 Theophili,
3595 1201 3689 1270 qui

2118 1279 2468 1334 tribunalibus
2513 1283 2649 1349 apud
2699 1284 3074 1341 Alexandriam
3124 1298 3379 1354 astantes,
3414 1307 3532 1343 cum
3562 1293 3693 1358 qni--

2116 1370 2237 1422 dam
2276 1371 2608 1425 Christianus
2657 1389 2685 1426 a
2729 1375 3293 1445 judice'torqueretnr,
3326 1390 3379 1435 et
3402 1381 3513 1449 jam
3546 1397 3692 1450 pene

2116 1461 2180 1513 ad
2210 1461 2505 1530 negandum
2546 1464 2876 1531 suaderetur,
2915 1468 3375 1537 disrumpebantnr
3425 1469 3560 1524 intra
3600 1488 3693 1527 se-

2116 1554 2388 1621 metipsos,
2413 1563 2466 1607 et
2490 1554 2653 1619 vultu,
2681 1556 2848 1609 oculis
2871 1572 2933 1610 ac
2956 1561 3166 1613 nutibus
3188 1560 3329 1613 velut
3348 1561 3552 1629 erigere
3578 1577 3687 1616 co-

2116 1644 2379 1698 nabantur
2410 1646 2554 1698 illum
2587 1647 2674 1714 qui
2707 1648 2759 1699 in
2806 1648 3080 1716 suppliciis
3125 1649 3324 1717 positus
3364 1653 3687 1719 trepidabat.

2115 1732 2381 1786 Interdum
2411 1735 2571 1788 etiam
2623 1749 2811 1789 manus
2862 1738 3196 1805 protendere,
3253 1755 3315 1794 ac
3369 1742 3527 1794 totius
3557 1741 3688 1795 reli-

443 1834 603 1887 fatam
660 1833 842 1885 urbem
891 1832 958 1883 ab
1010 1833 1141 1884 urbe
1192 1832 1352 1884 Roma
1410 1831 1772 1896 transmissus,
1826 1832 2005 1885 multis
2043 1831 2081 1889 Β
2112 1824 2197 1890 qui
2244 1823 2481 1890 corporis
2528 1826 2761 1879 motibus
2813 1835 2871 1880 et
2928 1828 3109 1881 habitu
3148 1828 3355 1883 diverse
3416 1830 3683 1893 inclinati,

439 1924 614 1978 clarus
636 1922 914 1976 virtutibus
962 1922 1032 1973 ibi
1063 1922 1262 1990 qu‘evit
1307 1922 1358 1972 in
1391 1935 1539 1987 pace.
1574 1920 1832 1974 Laodicea
1878 1922 2006 1973 civi~

439 2024 545 2069 tate
592 2014 871 2079 Theotini,
934 2014 1203 2069 Basiliani.
1275 2014 1328 2065 In
1372 2010 1549 2065 Africa
1599 2011 1813 2078 Quinti,
1868 2011 2007 2065 Sitti-

440 2107 602 2177 plicii.

507 2200 572 2253 C.
622 2197 737 2252 XIV
786 2197 1021 2250 KALEND.
1068 2194 1186 2249 JAN.
1233 2223 1303 2234 —
1343 2195 1493 2262 Apud
1548 2193 1837 2264 Egyptum
1870 2194 2004 2248 beati

439 2291 667 2345 Netnesii
710 2288 979 2360 martyris,
1035 2287 1122 2355 qui
1169 2286 1340 2353 primo
1372 2300 1465 2353 per
1503 2286 1821 2339 calumniam
1853 2285 2001 2355 quasi

435 2383 570 2437 latio
593 2381 751 2449 judici
784 2380 989 2433 delatus
1012 2386 1093 2432 est
1147 2368 1461 2430 Emiliano.
1497 2375 1611 2441 Quo
1655 2376 1877 2429 crimine
1915 2375 2008 2428 ab-

433 2476 628 2539 soluto,
682 2482 862 2541 postea
911 2469 1049 2539 quod
1097 2468 1430 2522 Chri~tianus
1465 2477 1625 2531 esset,
1658 2466 1912 2521 defertur.
1950 2466 2004 2519 In

436 2566 534 2618 hoc
583 2578 708 2616 veto
770 2562 908 2614 nulla
965 2575 991 2609 a
1040 2558 1217 2625 judice
1248 2559 1517 2610 miso‘ratio
1549 2568 1872 2620 reservatur,
1912 2557 2003 2610 sed

439 2657 715 2725 geminatis
774 2652 1045 2721 suppliciis
1100 2651 1462 2703 excruciatum
1531 2663 1651 2701 cum
1711 2648 2004 2701 latronibus

2119 1925 2365 1980 tanquam
2426 1916 2706 1970 sublevare
2783 1916 3033 1984 lapsantis
3100 1920 3308 1973 animos
3357 1919 3683 1988 gestiebant.

2114 2006 2373 2060 Conversi
2405 2023 2532 2061 vero
2562 2007 2627 2061 ad
2673 2022 2766 2062 eos
2790 2023 2997 2071 omnes,
3029 2020 3080 2061 et
3131 2010 3253 2077 quid
3284 2009 3350 2064 de
3379 2012 3689 2076 semetipsis

2116 2100 2508 2166 proﬁterentur,
2553 2113 2616 2152 ex
2643 2114 2828 2152 eorum
2862 2099 3091 2153 motibus
3131 2110 3505 2170 agnoscentes,
3535 2101 3685 2166 prius

2115 2204 2251 2257 pene
2282 2203 2439 2258 quam
2495 2190 2544 2243 in
2576 2203 2670 2243 eos
2719 2190 2908 2259 vulgus
2957 2190 3274 2243 clamoribus
3306 2189 3551 2255 insiliret,
3581 2190 3683 2259 ipsi

2113 2281 2164 2333 in
2195 2280 2426 2334 medium
2474 2290 2842 2348 prorumpunt,
2888 2294 2951 2333 ae
2994 2295 3054 2333 se
3080 2279 3412 2334 Christianos
3454 2295 3573 2335 esse
3599 2291 3681 2335 te-

2110 2381 2335 2426 stantur.
2371 2370 2471 2424 Per
2516 2386 2741 2439 quorum
2790 2371 3067 2425 victoriam
3115 2372 3491 2441 gloriosissime
3520 2371 3685 2425 Chri-

2111 2474 2223 2517 stus
2270 2464 2337 2517 de
2380 2464 2595 2517 inimico
2633 2464 3001 2532 triumphavit.
3058 2463 3241 2517 Romae
3293 2463 3506 2517 Zel‘enni
3563 2463 3681 2530 epi-

2108 2558 2277 2626 scopi,
2337 2566 2751 2623 sanctorumque
2793 2556 3024 2611 Liberali
3077 2566 3130 2610 et
3178 2556 3363 2625 Bajuli.
3394 2556 3457 2609 Et
3499 2555 3681 2623 vigilia

2108 2648 2274 2701 Sancti
2307 2647 2523 2701 Tliomte
2553 2648 2798 2716 apostoli.

1698 2736 1922 2789 EDITIU
1962 2735 2455 2791 BOLLANDIANA.

503 2836 588 2900 T.,
618 2831 812 2886 Eodem
843 2825 1057 2900 dieUSS.
1095 2825 1275 2900 μηνὶ
1309 2824 1826 2900 (ξι-Μητιιιεξῄξοτοτξε
1857 2825 1990 2892 ejus.

433 2910 492 2961 C.
529 2896 613 2964 νζ,
647 2903 698 2955 In
737 2902 902 2953 Airica
935 2897 1155 2961 Victuri,
1189 2897 1411 2948 Vit-loris
1454 2904 1506 2947 et
1552 2897 1639 2947 alii
1687 2896 1896 2962 triginta
1942 2905 1995 2949 et

433 2987 563 3030 tres.
596 2972 865 3034 Victorini,
910 2969 1197 3035 Adjutoris,
1232 2967 1436 3032 Quarti.
1471 2966 1553 3028 8.,
1587 2967 1639 3018 In
1686 2965 1863 3017 Alrica
1906 2982 1993 3017 na-

434 3051 535 3100 tale
582 3043 677 3097 SS.
731 3040 968 3101 Victoni,
1006 3036 1322 3096 Victoriam,
1372 3037 1662 3103 Adjutoris,
1709 3035 1998 3100 Ilonorati,

438 3113 722 3175 Vincentil,
755 3109 945 3163 Felicis
970 3116 1023 3160 et
1051 3106 1273 3157 aliorum
1306 3120 1450 3157 xxiv.

506 3225 591 3279 18.
616 3250 684 3261 --
710 3219 795 3273 XV
832 3218 963 3269 KAL.
996 3216 1155 3268 Vacat
1186 3214 1363 3267 But-da.

504 3336 693 3391 Florus
714 3332 764 3386 in
787 3329 926 3385 A.T.
950 3328 1009 3380 L.
1030 3344 1041 3379 ε
1066 3325 1394 3393 Jerosolyma
1421 3326 1593 3391 passio
1616 3323 1712 3379 SS.
1732 3325 1999 3380 “Alexan-

432 3432 509 3485 dri
568 3425 801 3495 episcopi
848 3430 901 3475 et
959 3417 1217 3473 Theodoli
1254 3434 1265 3470 ε
1308 3432 1532 3485 quorum
1590 3418 1890 3473 Alexander
1944 3419 1996 3473 in

432 3521 714 3592 cquuleum
766 3525 1059 3582 suspensus
1110 3519 1221 3574 est,
1271 3517 1325 3563 et
1386 3516 1565 3577 postea
1629 3510 1830 3579 pariter
1877 3525 1998 3565 cum

432 3609 705 3667 Theodolo
734 3605 842 3677 igni
888 3602 1110 3658 traditus
1153 3608 1235 3655 est
1280 3600 1379 3654 sub
1425 3599 1712 3654 Aureliano
1758 3599 1997 3669 impera-

431 3714 566 3759 tore.

503 3794 589 3855 [).,
623 3790 901 3843 Beatorum
933 3794 1222 3852 martyrum
1252 3778 1280 3817 δ
1305 3780 1423 3833 Ruli
1454 3790 1508 3834 et
1546 3781 1774 3855 Zosimi,
1796 3780 1883 3855 qui
1929 3783 1997 3835 de

471 3852 617 3915 rimis
647 3857 922 3920 discipulis
949 3855 1180 3915 fuerunt,
1213 3865 1303 3917 per
1325 3865 1459 3916 quos
1488 3853 1731 3920 primitus
1760 3852 1993 3904 Ecclesia

471 3880 617 3915 “IIIIS
647 3880 922 3920 (tlsupuua
949 3880 1180 3915 IllC!Ul|l,
1213 3880 1292 3917 νει
1325 3880 1459 3916 quua
1489 3880 1731 3918 pluuttua
1760 3880 1993 3904 uthcala

432 3880 624 3986 induas
672 3939 726 3980 et
776 3925 972 3979 Graecis
1022 3921 1234 3973 lutdata
1286 3931 1383 3971 εει.
1421 3920 1480 3971 (J.
1522 3919 1581 3971 V.
1613 3920 1701 3981 T.,
1734 3920 1993 3974 Laodicea

432 4002 525 4056 SS.
556 3995 831 4058 'l‘Iteotcni,
865 3992 1129 4046 Basiliani.
1170 3990 1226 4041 V.
1260 3988 1343 4051 (3.,
1372 3988 1427 4041 In
1458 3987 1631 4042 Africa
1664 3990 1720 4043 S.
1747 4002 1766 4026 ο
1792 3989 1992 4055 Quinti.

434 4072 492 4123 V.
521 4072 584 4124 T.
612 4069 696 4133 (2.,
725 4066 859 4119 Alibi
891 4063 1062 4133 passio
1090 4060 1339 4133 S._Alr§e.
1373 4059 1555 4133 A._'I‘._,
1596 4060 1645 4111 In
1678 4058 1853 4133 Africa
1902 4074 1996 4133 na-

431 4145 532 4195 tale
574 4129 898 4193 sanctorutn
925 4131 1184 4184 Viueentii
1207 4170 1221 4191 ,
1272 4129 1566 4195 llogatiani.
1602 4134 1688 4192 A.,
1719 4130 1783 4181 Et
1820 4132 1994 4195 ρεεςίο

430 4211 485 4265 S.
518 4213 670 4264 Luca:
718 4204 957 4273 virginis.
1006 4199 1325 4273 :I‘.,‘Rom_:n
1374 4200 1550 4273 natale
1599 4201 1697 4253 SS.
1742 4199 1987 4273 Antonii,

431 4280 660 4344 Erenaei,
689 4268 973 4331 Theodori.
1006 4271 1090 4336 B.,
1118 4269 1377 4323 Laodicea
1421 4269 1634 4321 civitate
1675 4269 1843 4321 natale
1890 4268 1992 4323 SS.

2024 2936 2071 2999 C

2100 2826 2306 2892 Quinti,
2348 2827 2635 2893 Simplicii,
2668 2828 2843 2893 Pauli,
2877 2828 3143 2896 Victorim,
3174 2829 3383 2882 Privati.
3429 2827 3499 2881 Et
3544 2827 3675 2881 alibi

2102 2897 2278 3017 natiue
2306 2898 2403 2952 SS.
2429 2898 2578 2967 Digiti
2601 2910 2652 2952 et
2682 2898 2981 2968 Badegisilt,
3008 2901 3259 2953 llonorati
3285 2914 3403 2953 cuin
3428 2900 3548 2952 aliis
3575 2899 3673 2951 tri-

2103 2981 2190 3034 ειη
2215 2982 2263 3019 a.

2174 3074 2347 3130 19.——
2372 3077 2481 3131 XIV
2513 3077 2644 3132 ΚΜ..
2674 3077 2832 3133 Vacat
2864 3079 3039 3133 Bazda.

2172 3165 2359 3220 Florus
2407 3167 2457 3219 in
2504 3169 2570 3221 A.
2602 3167 2662 3220 Τ.
2698 3168 2758 3222 L.
2789 3186 2800 3219 :
2835 3167 3206 3222 Antissiodoro
3251 3169 3479 3231 civitate,
3511 3169 3678 3238 depo-

2100 3256 2222 3309 sitio
2245 3257 2301 3308 B.
2351 3264 2374 3292 ε
2406 3254 2646 3326 Gregorii
2671 3259 2904 3327 episcopi
2930 3271 2982 3312 et
3007 3259 3346 3321 confessoris,
3370 3260 3454 3326 qui
3483 3268 3668 3325 tantze,

2103 3356 2158 3399 ut
2187 3346 2319 3401 liber
2347 3348 2612 3400 actionum
2644 3347 2786 3403 illius
2821 3350 3020 3415 pandit,
3053 3349 3353 3403 sobrietatis
3381 3352 3498 3413 luit,
3526 3360 3587 3402 ut
3614 3352 3666 3403 in

2101 3437 2274 3492 medio
2295 3438 2475 3492 mundi
2507 3438 2727 3506 positus,
2752 3455 2916 3495 novus
2936 3439 3208 3509 effulgeret
3233 3444 3481 3505 eremita,
3499 3454 3667 3510 seque

2098 3529 2294 3597 smpius
2324 3529 2505 3584 multis
2530 3530 2820 3584 declaravit
2842 3532 3131 3585 miraculis.

2172 3644 2256 3709 [).,
2288 3644 2435 3711 Apud
2469 3645 2755 3721 {Egyptum
2790 3644 2847 3698 Β.
2876 3643 3107 3721 Nemesii
3140 3643 3403 3721 martyris,
3433 3643 3521 3721 qui
3556 3639 3662 3721 pri:

2101 3729 2240 3767 mum
2283 3730 2374 3783 per
2408 3716 2725 3768 calumniam
2763 3720 2909 3783 quasi
2948 3714 2963 3751 ί
2998 3715 3133 3767 latro
3160 3714 3362 3767 delatus
3392 3724 3468 3765 est
3498 3714 3663 3777 judici

2099 3784 2404 3837 Aimihauo.
2451 3784 2513 3837 Β.
2536 3786 2598 3838 Ο.
2633 3784 2714 3849 V.,
2761 3786 2816 3837 ln
2860 3786 3054 3847 Nicaea,
3088 3793 3114 3830 κ
3138 3783 3352 3837 civitate
3386 3782 3663 3849 ltitliyniz,

2100 3821 2404 3837 .μ..........υ.
2451 3821 2598 3838 ...ω
2643 3821 2691 3837 ν.
2860 3821 3032 3839 ...ωυ-
3089 3821 3352 3837 vuum...
3542 3821 3669 3843 ...κη

2100 3855 2197 3907 SS.
2226 3853 2452 3916 Zosimi,
2499 3854 2672 3920 Pauli,
2700 3824 3269 3921 ,Secunditii,,Quinti.
3299 3821 3671 3903 Antissiodoro

2098 3923 2357 3991 depositio
2380 3926 2438 3976 Β.
2464 3924 2699 3992 Gregorii
2728 3926 2979 3992 episcopi.
3006 3929 3092 3989 A.,
3117 3927 3179 3975 Et
3205 3926 3375 3974 natale
3395 3923 3450 3992 S.
3468 3922 3664 3987 Cyrict.

2097 3992 2182 4116 ἃ..
2209 3993 2400 4047 Zosimi
2425 4003 2478 4047 et
2505 3994 2683 4046 Ωιι-ἰαί.
2711 3991 2799 4060 Τ.,
2825 3996 2888 4048 Ει
2918 3995 3060 4047 Pauli
3090 3995 3141 4047 in
3170 3996 3379 4047 civitate
3406 3991 3665 4059 Bithynia:

2148 4078 2275 4117 icea.

2164 4154 2255 4207 20.
2274 4184 2339 4193 —
2362 4153 2475 4207 XIII
2500 4153 2632 4207 KAL.
2661 4153 2823 4208 Vacat
2850 4153 3025 4207 Baada.

2170 4246 2255 4311 [).,
2312 4245 2591 4299 Beatorum
2641 4260 2955 4315 martyrum,
2988 4245 3015 4282 δ
3054 4246 3348 4311 Ammonis,
3408 4245 3660 4309 Zenonis,

1806 4379 2009 4434 SMITII
2050 4380 2277 4434 NOTAE.

500 4492 523 4519 α
556 4475 853 4533 Alexandri.
899 4472 995 4528 Ilic
1025 4469 1159 4522 alius
1205 4478 1288 4522 est
1313 4469 1379 4520 ab
1409 4469 1500 4520 illo
1530 4470 1829 4523 Alexandro
1874 4472 1987 4536 epio
2024 4475 2071 4532 D
2100 4472 2149 4524 lii
2203 4472 2426 4524 Roman.
2488 4471 2828 4539 pontificum,
2892 4470 3184 4538 imperante
3262 4472 3578 4526 Justiniano.
3639 4493 3659 4527 ι

430 4566 591 4620 scopo
641 4543 1105 4620 Jerosolymitauo,
1138 4554 1225 4607 qut
1272 4539 1517 4592 Narcisso
1562 4539 1669 4607 jatn
1719 4550 1993 4594 senectute

431 4612 670 4676 cooiecto
696 4612 903 4683 adiutor
933 4612 1046 4686 fuit.
1261 4680 1269 4686 _
1313 4677 1323 4686 '

500 4691 527 4730 δ
558 4689 697 4756 Iluﬁ.
744 4677 804 4739 lli
849 4683 1187 4750 requiescunt
1227 4677 1439 4733 civitate
1483 4677 1827 4733 Macedonum
1873 4678 1997 4732 Phi-

430 4762 607 4817 liDDis.

472 4778 815 4896 pflzuillcu._
835 4822 1089 4896 Quinctus
1121 4817 1215 4896 fuit
1265 4819 1545 4886 episcopus
1591 4816 1991 4896 innMa‘uritania

432 4888 763 4967 temporibus
793 4892 1115 4967 Decii_imp.
1142 4891 1214 4967 ad
1244 4904 1398 4967 quem
1440 4898 1614 4967 essm
1641 4888 1713 4967 .S.
1745 4888 1991 4967 gypriaiii

431 4958 589 5037 episi.
619 4969 707 5020 71.
751 4963 1057 5037 ltiscribitur
1085 4959 1242 5037 etiam
1282 4958 1540 5037 ejusﬂalits
1571 4958 1832 5023 epistolis.
1871 4959 1995 5037 Pas-

431 5028 523 5094 sus
555 5047 635 5091 est
680 5051 799 5088 cum
848 5036 906 5085 S.
937 5028 1211 5094 Simplicio
1241 5038 1293 5080 et
1339 5029 1456 5080 aliis
1504 5043 1726 5093 quorum
1781 5029 1993 5079 nomina

435 5110 557 5162 vide
588 5110 638 5160 in
684 5102 988 5170 Hieronymi
1040 5098 1417 5168 Martyrologio
1464 5106 1702 5165 tempore
1735 5096 1995 5151 Valeriani

434 5197 501 5235 Im
508 5197 560 5235 ο.

502 5195 810 5315 tiLGregorii.
838 5241 915 5315 De
943 5240 1042 5294 hoc
1071 5241 1147 5315 sic
1175 5236 1515 5315 scribitur_in_
1541 5236 1756 5315 historia
1775 5237 1993 5315 _episco-

434 5337 619 5389 porum
652 5306 1187 5389 Antissiodorettsium
1233 5309 1374 5375 apud
1425 5307 1621 5359 Labhei
1677 5306 1810 5360 Bibl.
1843 5322 1990 5368 nov.,

436 5380 563 5445 ium.
597 5393 613 5442 l
641 5409 651 5441 :
688 5406 705 5437 ι
736 5385 1019 5451 Gregorius
1048 5380 1185 5451 sedit
1214 5391 1386 5451 annos
1410 5392 1516 5451 xtl,
1542 5390 1868 5451 tuenses‘vt;
1901 5391 1993 5429 ex-

435 5474 657 5529 actoque
702 5471 813 5511 sua:
842 5446 968 5506 Vicis
996 5450 1310 5529 oltic_io,_xtv
1350 5447 1466 5527 Kal.
1491 5448 1730 5509 Januar.,
1766 5446 1993 5498 humana

436 5520 730 5598 deponens,
753 5527 803 5579 in
831 5520 1058 5579 ecclesia
1076 5522 1146 5598 ‘B.
1176 5520 1424 5598 Germani
1452 5532 1755 5584 supremum
1789 5530 1997 5595 prome-

443 5592 545 5654 ruit
590 5592 799 5661 munus,
839 5609 999 5649 omne
1036 5592 1157 5645 vita:
1203 5596 1565 5661 sumitempus
1609 5601 1797 5661 L1_t_xx1v
1843 5592 1994 5661 annis

440 5673 633 5735 exegit.
696 5656 814 5722 Fuit
866 5675 1040 5720 autem
1100 5658 1422 5729 temporibus
1474 5656 1684 5711 Silverii
1745 5664 1799 5711 et
1860 5656 1996 5723 Vigi-

2176 4539 2194 4578 τ
2226 4540 2399 4594 Latro.
2432 4540 2618 4593 Postea
2652 4557 2777 4594 vero
2807 4557 2926 4594 cum
2959 4543 3092 4607 apud
3136 4542 3497 4595 centurionem
3526 4545 3666 4597 hanc

2100 4612 2415 4664 calumniam
2448 4624 2475 4662 a
2505 4625 2564 4664 se
2590 4611 2905 4677 depulisset,
2931 4612 3138 4664 delatus
3165 4613 3303 4677 quod
3329 4611 3667 4665 Christianus

2099 4690 2257 4743 esset,
2287 4682 2351 4733 ad
2401 4681 2704 4748 praelectum
2744 4682 2951 4735 vinctus
2992 4681 3289 4734 adducitur.
3318 4680 3388 4732 At
3417 4681 3508 4735 ille
3558 4682 3667 4734 ini-

2100 4750 2387 4816 quissimus
2434 4749 2624 4817 judex,
2658 4759 2931 4818 postquam
2963 4765 3081 4803 eum
3124 4752 3284 4817 duplo
3330 4750 3669 4816 gravioribus

2101 4834 2259 4885 quam
2304 4818 2537 4887 reliquos
2585 4821 2814 4873 latrones
2842 4821 3123 4873 tormentis
3151 4834 3214 4873 ac
3239 4820 3551 4873 verberibus
3583 4822 3668 4873 al-

2103 4887 2340 4952 l‘ecisset,
2371 4889 2507 4942 inter
2554 4889 2786 4944 latrones
2821 4890 2978 4956 jussit
3004 4890 3233 4944 incendi.
3269 4894 3490 4953 Eussm,
3524 4890 3666 4943 Hist.

2104 4957 2268 5023 κυρίη
2300 4975 2373 5023 v1,
2402 4957 2489 5011 41.

2176 5030 2200 5097 β
2231 5029 2439 5081 Civitate
2466 5026 2719 5097 Bithynia:
2747 5028 2798 5080 in
2826 5027 2941 5081 solo
2969 5028 3029 5083 Β.

2112 5100 2118 5105 ’
2174 5090 2199 5129 ¹¹
2243 5098 2518 5150 Ammonis.
2563 5090 2662 5162 Qui
2710 5098 3056 5152 tribunalibus
3102 5107 3357 5160 astantes,
3387 5110 3509 5149 cum
3548 5099 3670 5165 qui-

2105 5168 2224 5220 dam
2255 5168 2590 5221 Christianus
2622 5170 2671 5219 in
2716 5168 2986 5235 suppliciis
3030 5172 3230 5235 positus
3269 5166 3579 5233 trepidaret,
3612 5177 3671 5221 et

2099 5239 2207 5304 jam
2258 5252 2411 5304 pmue
2453 5239 2518 5289 ad
2568 5240 2862 5305 negandum
2912 5240 3225 5303 declinaret,
3255 5236 3424 5299 vultu,
3468 5238 3667 5300 oculis,

2100 5323 2164 5360 ae
2200 5307 2413 5361 nutibus
2458 5308 2601 5361 illum
2651 5309 2975 5360 conabantur
3012 5311 3254 5375 erigere;
3303 5320 3533 5374 cumque
3562 5305 3669 5359 hac

2100 5376 2166 5429 de
2194 5392 2350 5430 causa
2380 5379 2537 5428 totius
2562 5379 2737 5445 populi
2767 5379 2969 5430 clamor
2996 5379 3046 5431 in
3083 5393 3176 5432 eos
3215 5378 3505 5444 prosiliret,
3539 5391 3667 5442 pro-

2101 5455 2406 5512 rumpentes
2454 5446 2506 5498 in
2549 5449 2777 5500 medium
2821 5447 3155 5501 Christianos
3198 5462 3257 5501 se
3304 5461 3424 5501 esse
3479 5446 3667 5498 testati

2099 5525 2253 5576 sunt;
2287 5531 2379 5583 per
2406 5530 2628 5583 quorum
2681 5516 2956 5570 victoriam
2992 5518 3260 5577 Christus.
3293 5518 3381 5585 qui
3409 5516 3520 5569 suis
3543 5529 3664 5567 eam

2100 5584 2623 5640 animiconstantiain
2636 5587 2875 5655 dederat,
2890 5586 3270 5655 gloriosissime
3293 5584 3449 5643 trium
3459 5584 3662 5654 pharii.

2104 5658 2321 5719 lina-39.,
2350 5654 2482 5709 llisl.
2509 5656 2650 5709 Eccl.
2686 5672 2758 5723 vt,
2799 5654 2887 5711 41.
