4054 6190
386 324 524 378 1157

1488 327 1677 385 SECT.
1719 329 1784 383 Il.
1824 357 1893 368 —-
1933 331 2489 388 MARTYROLOGIA.
3515 337 3650 387 1333

1615 442 1840 497 EDITIO
1877 443 2343 499 COLONIENSIS.

458 534 519 588 Ε.
549 533 639 589 XII
669 532 910 590 KALEND.
939 534 1059 590 Jan.
1088 563 1160 574 —-
1207 535 1392 590 Natale
1421 535 1561 590 beati
1591 536 1813 590 'I‘homce
1838 550 1966 602 apo-
1992 540 2043 596 Α
2073 550 2174 586 una
2201 536 2287 588 die
2321 535 2694 601 persecutione
2721 535 3031 590 Diocletiani
3059 539 3297 592 coronati
3323 549 3466 594 sunt.
3496 539 3649 607 Apud

383 625 529 690 stoli,
559 624 648 694 qui
698 622 910 676 Parthis
955 635 1007 678 et
1051 622 1216 678 Medis
1246 625 1593 694 Evangelium
1645 625 1961 694 praedicans,

388 729 573 783 passus
602 722 684 768 est
711 715 761 768 in
803 714 972 768 India.
1003 715 1211 784 Corpus
1238 714 1356 785 ejus
1387 716 1441 770 in
1485 717 1784 781 civitatem,
1811 730 1970 785 quam

385 806 510 875 Syri
559 805 797 860 Edessen
834 816 1048 870 vocant,
1095 808 1442 872 translatum,
1474 807 1654 875 ibique
1683 808 1845 876 digno
1877 808 1973 860 ho-

389 911 519 949 nore
568 895 842 949 conditum
903 905 1003 949 est.
1054 895 1360 951 Catalaunis
1400 898 1570 952 sancti
1603 897 1818 950 Maximi
1850 897 1968 966 epi-

391 983 557 1053 scopi,
601 984 757 1054 primi
808 985 882 1038 illi
912 984 1114 1039 civitati
1164 988 1233 1039 ab
1264 987 1394 1041 urbe
1444 987 1613 1040 Roma
1642 986 1853 1053 directi,
1882 987 1970 1055 qui

391 1075 528 1129 inter
580 1075 685 1128 alia
740 1077 1015 1129 innumera
1068 1074 1320 1129 miracula
1366 1086 1634 1130 mortuum
1666 1075 1966 1130 suscitavit.

388 1163 448 1219 ln
479 1163 672 1219 Tuscia
731 1165 907 1219 natale
938 1175 1244 1220 sanctorum
1281 1164 1502 1220 Joannis
1534 1175 1588 1220 et
1620 1165 1786 1220 Festi.

464 1257 524 1310 F.
558 1257 624 1311 XI
654 1255 893 1312 lineae.
929 1257 1050 1312 Jan.
1098 1287 1168 1297 —-
1198 1257 1382 1314 Romae
1413 1259 1498 1312 via
1525 1257 1790 1313 Lavicana
1837 1259 1976 1314 inter

393 1348 524 1403 duas
578 1349 754 1404 lauros
779 1389 795 1416 ,
829 1351 1004 1404 natale
1044 1349 1259 1420 triginta
1291 1359 1624 1420 martyrum,
1654 1351 1744 1417 qtti
1792 1365 1977 1404 omnes

2080 624 2456 680 Alexandriam
2503 626 2640 679 beati
2694 627 2999 681 Chiridonis
3046 630 3317 698 martyris.
3351 629 3397 682 Is
3429 645 3654 698 namque

2080 730 2200 767 cum
2259 731 2368 768 rem
2426 717 2703 783 cujusdam
2754 721 2992 785 potentis
3039 720 3138 773 sub
3169 719 3417 774 mercede
3464 734 3651 785 procu«

2083 816 2244 874 raret,
2274 809 2490 876 jubetur
2541 811 2606 863 ab
2655 825 2720 865 eo
2757 811 2910 863 idolis
2940 812 3234 865 immolare.
3265 811 3538 866 Recusans
3567 827 3659 866 co-

2081 899 2306 965 gebatur
2353 899 2597 968 injuriis;
2637 899 2933 967 persistens
2965 916 3179 955 rursum
3211 901 3480 955 blanditiis
3521 903 3658 954 mul-

2082 989 2318 1041 cebatur.
2345 988 2475 1042 Cum
2504 1006 2634 1045 vero
2665 1001 2948 1062 utrumque
2973 1002 3362 1059 contemneret,
3393 1004 3654 1062 praeacuta

2082 1081 2214 1133 sude
2243 1081 2570 1135 validissima
2602 1088 3068 1139 tranaverheralur
3102 1101 3196 1154 per
3226 1086 3397 1139 media
3429 1088 3652 1145 viscera,

2081 1181 2135 1225 et
2182 1173 2296 1226 neci
2357 1174 2599 1228 traditur.
2653 1175 2770 1240 Ipso
2845 1175 2931 1227 die
2977 1176 3201 1229 aliorum
3244 1177 3662 1245 quamplurima-

2086 1281 2202 1318 rum
2256 1276 2569 1334 martyrum,
2626 1265 2798 1335 quiin
2846 1266 3072 1321 desertis
3115 1279 3168 1322 et
3217 1270 3483 1323 montibus
3513 1268 3649 1336 apud

2086 1353 2376 1424 Egyptum
2408 1355 2749 1421 oberrantcs,
2803 1356 2959 1423 fame,
2989 1356 3095 1420 siti,
3136 1355 3349 1426 frigore,
3389 1358 3665 1426 languore,

1615 1463 1836 1519 EDITIO
1876 1464 2373 1526 BOLLANDIANA.

396 1575 694 1641 Ptolouuei,
720 1576 959 1644 Ingenui,
990 1586 1044 1630 et
1065 1573 1377 1642 TheOphili.
1417 1574 1478 1629 Β.
1503 1574 1562 1628 C.
1598 1574 1682 1640 V.,
1716 1574 1769 1629 In
1804 1575 1975 1630 Thra-

395 1649 499 1708 cia,
534 1649 559 1676 ⁸
588 1649 802 1700 civitate
831 1646 858 1684 δ
885 1645 1132 1711 Gildoha,
1181 1646 1358 1700 natale
1404 1647 1464 1698 8.
1509 1645 1656 1699 Jul.i.
1710 1647 1891 1700 Romae
1947 1656 1971 1684 ο

398 1716 684 1785 Zephyriui
717 1718 969 1784 episcopi.
1005 1713 1032 1752 ἀ
1068 1716 1120 1768 In
1148 1717 1366 1785 Oriente
1418 1716 1476 1770 S.
1507 1716 1741 1770 'I‘heclze.
1794 1716 1978 1770 Natale

395 1789 455 1842 S.
479 1784 506 1821 λ·
537 1784 788 1840 Liberati.
819 1790 884 1842 A.
919 1786 1004 1847 T.,
1034 1787 1218 1840 Natale
1249 1785 1306 1840 S.
1342 1784 1362 1824 ί
1397 1786 1684 1842 Anastasii.
1711 1786 1774 1839 A.
1802 1787 1864 1839 Τ.
1890 1786 1974 1848 L.,

400 1857 585 1909 Romae
615 1857 878 1922 depositio
909 1856 966 1926 8.
999 1857 1305 1926 Zephyrini.
1344 1857 1396 1910 In
1453 1856 1669 1909 Oriente
1719 1858 1893 1910 natale
1916 1859 1972 1910 8.

397 1925 652 1982 Liberati.
684 1926 772 1992 T.,
807 1927 884 1980 Ad
918 1925 1109 1982 Ursum
1137 1925 1390 1996 pileatum
1417 1929 1593 1981 natale
1620 1926 1680 1981 S.
1711 1926 1976 1982 Pontiani.

471 2018 559 2071 2|.
593 2049 664 2060 —
694 2018 786 2073 ιιιι
817 2016 949 2074 Kac.
984 2019 1106 2074 Jas.
1139 2018 1284 2076 Nat..
1329 2018 1388 2074 8.
1425 2029 1449 2065 ιι
1483 2020 1704 2074 Thomas
1734 2029 1911 2089 apost.

473 2108 660 2164 Florus
688 2109 834 2163 addit
854 2109 904 2164 iu
935 2111 1000 2163 A.
1027 2110 1088 2164 Τ.
1121 2109 1181 2164 L.
1219 2125 1235 2163 :
1268 2110 1368 2178 Qui
1402 2125 1592 2180 passus
1612 2123 1696 2166 est
1725 2111 1776 2164 in
1801 2111 1980 2178 India,

404 2198 588 2254 lancea
612 2199 810 2268 quippe
837 2198 1122 2254 transﬁxus
1149 2201 1433 2266 occubuit;
1461 2201 1615 2269 hujus
1639 2201 1836 2255 etenim
1863 2215 1988 2255 cor-

404 2305 506 2361 pus
573 2293 888 2344 translatum
942 2300 1026 2345 est
1075 2292 1212 2362 apud
1269 2292 1511 2347 Edissam
1560 2293 1855 2348 civitatem.
1896 2291 1985 2361 T.,

407 2381 603 2448 Quinto
641 2381 820 2435 Nonas
850 2381 998 2436 Julii.

483 2469 540 2524 Β.
568 2469 630 2523 C.
658 2469 723 2524 γ.
753 2471 818 2524 Α.
847 2471 911 2524 Τ.
933 2469 1022 2536 L.,
1052 2471 1234 2528 Romae
1256 2473 1316 2529 S.
1350 2471 1378 2509 δ
1404 2473 1698 2530 Innocentii
1727 2475 1985 2544 episc0pi.

2081 1581 2277 1658 Adii,
2315 1583 2376 1635 Et
2402 1583 2575 1658 passio
2600 1584 2672 1658 S._
2703 1584 2955 1658 llouorati
2984 1589 3239 1656 episcopi.
3274 1589 3359 1655 (3.,
3390 1590 3456 1643 Et
3484 1593 3662 1658 passio

2080 1650 2140 1706 S.
2167 1651 2377 1706 Phocze.
2416 1655 2498 1720 IL,
2530 1655 2584 1708 In
2639 1655 2852 1710 Eraclea
2900 1659 3073 1711 natale
3117 1650 3181 1713 8.
3230 1650 3394 1713 Passi.
3435 1650 3499 1713 Εἰ
3535 1662 3660 1715 alibi

2081 1722 2258 1803 passio
2279 1723 2373 1779 SS.
2411 1723 2587 1787 Focai,
2613 1723 2798 1791 Florii,
2828 1726 3078 1782 llouorati
3101 1729 3334 1798 episcopi
3365 1741 3418 1785 et
3440 1731 3662 1786 confes-

2081 1806 2239 1847 SOI'IS.

2157 1862 2242 1936 I_).,
2273 1864 2574 1936 Catalauois
2606 1865 2664 1919 8.
2715 1865 2995 1921 iMemmii
3045 1869 3279 1936 episcopi
3327 1869 3477 1934 primi
3526 1870 3664 1923 illius

2086 1932 2315 1988 civitatis
2344 1937 2410 1989 ab
2457 1937 2588 1990 urbe
2620 1936 2785 1991 Roma
2827 1938 3035 2001 directi,
3069 1932 3154 2005 qui
3189 1932 3455 1992 interalia
3501 1941 3655 1994 innu-

2091 2019 2236 2076 mera
2263 2004 2516 2059 miracula
2565 2016 2828 2060 mortuum
2857 2004 3137 2062 suscitavit
3169 2027 3183 2064 :
3213 2012 3364 2076 cujus
3397 2025 3537 2063 nunc
3579 2027 3665 2064 se-

2131 2075 2336 2127 ulcrum
2388 2076 2732 2130 creberrimis
2784 2079 3052 2133 miraculis
3120 2075 3436 2133 illustratur.
3499 2081 3564 2132 Et
3616 2080 3666 2133 in

2143 2143 2285 2196 nscia
2316 2143 2536 2199 Joannis
2561 2157 2614 2200 et
2645 2146 2786 2201 Festi
2813 2165 2826 2212 ;
2859 2149 2954 2202 sed
3001 2148 3138 2202 l'orte
3177 2153 3290 2203 [nec
3331 2159 3566 2218 spectant
3602 2152 3666 2202 ad

2093 2213 2588 2339 gieilnisequentem,
2635 2233 2739 2284 quo
2767 2232 3043 2286 perperam
3078 2220 3128 2271 iu
3176 2221 3275 2274 hoc
3305 2213 3398 2273 ns.
3445 2221 3671 2275 rel'ertur

2141 2325 2151 2337 .
2250 2301 2436 2339 tomas.

2141 2325 2151 2337 .
2197 2301 2436 2339 111011138.

2172 2376 2263 2431 9.2.
2305 2407 2374 2416 —
2412 2376 2480 2430 XI
2505 2377 2638 2431 Κιιι..
2667 2377 2829 2433 Vacat
2863 2379 3035 2433 Breda.

2173 2471 2235 2525 Ω.
2271 2471 2356 2536 V.,
2407 2470 2547 2524 Inter
2589 2471 2720 2524 duas
2761 2472 2936 2526 lauros
2967 2472 3143 2526 natale
3174 2473 3188 2522 Ι
3230 2472 3445 2541 triginta
3478 2483 3676 2543 marty-

1759 2588 1964 2647 SMITII
2005 2585 2231 2642 NOTAE.

481 2682 507 2710 ⁸
548 2675 758 2728 Civitate
785 2675 1004 2731 Gildoba
1034 2678 1087 2732 in
1126 2680 1244 2732 solo
1288 2680 1344 2732 Β.

480 2743 508 2782 δ
543 2745 786 2802 Gildoba.
818 2747 1042 2810 Plinius,
1086 2751 1179 2802 lib.
1217 2765 1328 2814 xix,
1361 2765 1480 2817 cap.
1529 2749 1589 2818 ὃ,
1631 2748 1757 2804 dicit
1786 2746 1984 2818 Geldu-

409 2817 533 2888 bam
557 2831 676 2871 esse
700 2819 976 2888 castellum
1019 2819 1210 2872 Rheno
1254 2817 1592 2888 impositum;
1642 2821 1799 2873 aliam
1852 2817 1979 2873 Gel-

408 2887 602 2942 dubam
636 2902 738 2940 non
774 2887 1094 2943 invenimus.
1129 2887 1412 2955 Banomus,
1445 2892 1496 2944 in
1528 2889 1695 2945 Notis.

485 2966 508 2995 ο
554 2955 850 3030 Zephyrini.
905 2958 1235 3030 Zephyriuus
1283 2974 1422 3014 anno
1469 2960 1570 3012 2|?
1607 2959 1892 3014 Przesentis
1928 2969 1984 3015 et

414 3026 684 3096 Extricati
721 3030 1002 3082 consulatu
1053 3026 1309 3096 insignito
1337 3045 1368 3083 e
1413 3032 1550 3084 vivis
1596 3033 1846 3094 excessit,
1894 3030 1983 3085 die

414 3097 620 3151 decima
660 3095 819 3162 Julii;
872 3095 1236 3166 pontificatum
1286 3111 1464 3154 autem
1513 3101 1629 3153 iniit
1674 3116 1814 3154 anno
1855 3099 1980 3164 I97,

414 3166 502 3241 die
526 3166 730 3241 decima
761 3166 1086 3241 Augu_sd._ln
1108 3170 1218 3241 hoc
1252 3183 1304 3224 et
1336 3170 1749 3240 Ilieronymiano
1778 3171 1979 3241 Marty-

415 3237 830 3308 rologionatale
869 3237 988 3306 ejus
1019 3238 1176 3293 hodie
1217 3237 1586 3308 consignatur;
1620 3241 1818 3308 inaliis
1849 3237 1982 3294 Ma‘r-

419 3306 691 3380 tyrologiis
718 3307 908 3380 quibus
945 3309 1201 3380 Baronius
1225 3306 1486 3371 adhaeret,
1519 3309 1605 3363 die
1631 3307 1704 3362 26
1722 3311 1979 3380 Augusti;

415 3377 510 3447 sed
552 3386 774 3444 uterque
819 3377 934 3432 dies
980 3379 1044 3433 ad
1073 3379 1190 3447 ejus
1230 3381 1603 3434 translationes
1651 3377 1983 3434 referendus.

416 3445 814 3510 Papehrochius
841 3448 891 3500 in
928 3445 1132 3504 Conatu
1162 3450 1702 3505 chroiiico-historico
1729 3450 1795 3502 ad
1825 3452 1985 3503 chro-

419 3516 708 3588 nologiam
734 3527 976 3572 veterum
1008 3521 1317 3586 pontiﬁcum
1348 3521 1658 3573 exiStimans
1701 3521 1752 3570 in
1786 3519 1987 3588 Marty-

419 3587 624 3653 rologio
671 3586 1083 3655 Ilierouymiano
1115 3592 1229 3644 dies
1275 3591 1478 3644 natales
1524 3589 1831 3656 pontiﬁcum
1875 3586 1983 3642 uo-

419 3670 700 3729 manorum
729 3657 948 3729 signari,
981 3663 1182 3715 obitum
1213 3660 1484 3729 Zephirini
1516 3675 1635 3714 cum
1669 3661 1755 3714 die
1785 3658 1857 3713 2.0
1890 3660 1992 3713 De-

420 3726 750 3799 ceutbmauni
781 3726 886 3780 ‘2l7
931 3731 1169 3798 illigavit,
1201 3742 1254 3784 et
1285 3726 1403 3799 quia
1449 3739 1657 3784 constat
1695 3739 1823 3784 ante
1869 3745 1991 3784 eum

423 3795 566 3868 diem
593 3797 870 3868 Callistum
902 3795 1033 3868 ejus'
1062 3795 1426 3856 successorem
1458 3802 1680 3859 sedisse.
1715 3801 1841 3853 dicit
1867 3815 1993 3854 eum

422 3864 708 3939 Zephyriui
750 3864 1095 3924 constitutum
1154 3870 1314 3925 fuisse
1359 3871 1649 3923 vicarium:
1681 3871 1774 3923 sed
1806 3869 1995 3939 hujus-

425 3937 572 4010 modi
603 3939 885 4010 vicariatus
933 3951 1057 3993 sunt
1116 3943 1270 4010 mee
1314 3941 1653 4008 supposititii.
1707 3937 1993 4010 Zephyrini

427 4005 666 4074 epistolas
694 4025 810 4073 qua:
839 4005 1287 4065 circumferuntur
1313 4005 1434 4063 sunt
1463 4005 1862 4068 comtnentitiae.

498 4075 523 4114 ιι
552 4075 575 4128 Ι
586 4095 617 4128 η
649 4078 853 4131 Oriente
882 4079 943 4133 S.
975 4079 1176 4134 Thecla:
1205 4081 1354 4134 deest
1385 4081 1437 4133 in
1475 4081 1531 4133 Β.

498 4089 523 4114 ιι
552 4089 617 4128 In
649 4089 853 4131 Urtente
882 4089 943 4133 δ.
975 4089 1176 4134 Thecla:
1205 4089 1354 4134 deest
1385 4089 1437 4133 in
1475 4089 1531 4133 Β.

503 4151 526 4179 ο
571 4146 816 4220 Liberali.
866 4149 1022 4203 Juxta
1066 4151 1274 4205 Bai-dam
1311 4151 1461 4220 Vulg.
1509 4161 1562 4205 et
1603 4151 1886 4205 Baronium
1918 4149 2004 4205 hic

429 4232 550 4269 cum
606 4218 792 4286 Bajulo
836 4235 1024 4286 passus
1073 4233 1154 4276 est
1206 4218 1432 4286 Romae;
1479 4221 1754 4276 Usuardus
1783 4236 1907 4274 vero
1937 4221 2007 4275 de

431 4287 681 4343 Liberata
734 4289 844 4358 agit
886 4291 1021 4356 solo,
1055 4293 1206 4361 quasi
1266 4306 1454 4360 passus
1497 4301 1638 4349 esset
1685 4293 1740 4346 in
1785 4293 2008 4361 Amphi-

432 4369 566 4412 trea.

509 4426 528 4464 ί
573 4430 853 4483 Anastasii.
909 4431 1288 4486 AntiochEaaS.
1339 4432 1601 4486 Anastasii
1629 4431 1888 4500 episcooi,
1918 4431 2007 4499 qtti

437 4497 612 4551 l’hoca
643 4500 938 4567 imperante
982 4516 1010 4554 a
1065 4501 1264 4556 Judatis
1313 4503 1613 4556 sievissime
1653 4488 2004 4556 necatus'e'st.
2035 4488 2086 4546 Ι)

439 4574 640 4640 Anetor
666 4568 918 4624 Chronici
966 4571 1316 4626 Alexandrini
1347 4589 1487 4626 anno
1522 4584 1638 4640 post
1667 4572 2003 4626 consulatum

440 4639 630 4710 Phocaa
669 4640 804 4709 Aug.
837 4657 911 4705 vi,
954 4642 1062 4695 ait:
1103 4662 1121 4693 ι
1156 4639 1668 4696 PtochodochiOrum
1702 4644 2004 4710 praefectus,

439 4707 986 4776 Septembri'mense,
1019 4712 1306 4766 indictione
1342 4712 1424 4778 LI,
1473 4707 1813 4774 renuntiavit,
1859 4717 2006 4764 Ana-

441 4779 661 4832 stasium
690 4781 1082 4836 Antiochenam
1105 4799 1133 4835 a
1157 4783 1410 4836 militibus
1435 4784 1807 4850 interemptum
1832 4797 1970 4835 esse.
1987 4800 2004 4834 ι

440 4851 657 4903 Occisus
679 4859 761 4905 est
789 4852 946 4920 igitur
972 4868 1110 4907 anno
1129 4853 1321 4908 Christi
1352 4853 1476 4907 610.
1507 4855 1762 4906 Baronius
1784 4855 2011 4907 Anasta-

443 4920 583 4974 sium
623 4921 752 4973 colit
783 4922 1058 4986 postridie.

515 4997 542 5036 8
592 4989 815 5046 Thamar.
869 4994 969 5059 Qui
1021 4995 1230 5048 Parthis
1284 4993 1625 5062 Evangelium
1677 4991 2010 5061 praedicavit,

447 5068 506 5115 ut
530 5068 754 5114 testatur
784 5063 1000 5130 Euseb.,
1048 5065 1185 5119 Ilist.
1239 5065 1385 5118 Eccl.
1417 5079 1496 5126 ut,
1531 5065 1584 5126 I,
1617 5074 1672 5117 et
1699 5064 1930 5126 Socrat.,
1964 5080 2012 5126 ι,

451 5131 625 5205 l9,et
645 5133 889 5205 Oletnens
939 5135 990 5188 in
1035 5135 1128 5190 lib.
1182 5150 1233 5188 ix
1286 5135 1749 5205 llecognitionutn.
1798 5133 2015 5205 certum

448 5203 607 5274 etiam
640 5202 848 5256 videtur
887 5205 1032 5258 illum
1071 5205 1212 5274 apud
1242 5205 1397 5259 Indos
1425 5202 1618 5259 Christi
1652 5204 1810 5256 Iidem
1844 5203 2020 5256 disse-

452 5273 706 5344 minas‘se,
732 5274 782 5327 id
807 5273 1180 5331 attestantibus
1202 5276 1460 5344 Gregorio
1482 5274 1836 5336 Nazianzeno,
1877 5282 2016 5326 orat.

451 5341 544 5406 “2.5,
598 5342 944 5415 Ilierottymo,
998 5347 1154 5414 epist.
1209 5341 1336 5410 148,
1385 5347 1689 5409 Ambrosio,
1724 5347 1774 5398 in
1829 5345 2016 5415 psalm.

456 5428 576 5486 xcv,
611 5413 853 5479 Paulino,
878 5413 1102 5486 aliisque
1127 5418 1224 5472 SS.
1273 5418 1538 5486 Patr-ibus,
1569 5430 1638 5470 ex
1671 5417 1860 5483 quibus
1884 5413 2019 5486 Gau-

455 5483 666 5538 dentius
704 5495 758 5538 et
779 5488 868 5541 alii
897 5483 1034 5540 cum'
1050 5487 1434 5542 vetustioribus
1457 5485 1846 5555 Martyrologiis
1873 5485 2022 5537 aiunt

458 5569 578 5625 eum
611 5554 802 5610 ibidem
855 5556 1014 5609 vitam
1067 5560 1322 5622 linivisse,
1373 5570 1427 5612 ει
1480 5558 1692 5625 quidem
1745 5554 2020 5624 martyrio.

462 5624 716 5749 Issi-ejus
767 5627 1020 5682 Edessam
1078 5630 1422 5685 translatione
1475 5624 1593 5682 vide
1640 5642 1855 5697 suprav
1886 5626 2020 5680 Non.

495 5713 524 5746 u
551 5711 603 5749 II.

495 5696 603 5749 ulli.

533 5766 558 5804 ιι
606 5769 904 5825 Innocentii.
936 5773 1034 5838 Qui
1074 5771 1167 5827 fuit
1195 5773 1407 5829 natione
1439 5773 1616 5837 Italus,
1659 5769 1822 5838 patria
1862 5768 2026 5824 Alba-

2091 2690 2213 2740 nus,
2245 2684 2297 2728 et
2324 2684 2553 2729 exeunte
2580 2691 2721 2730 anno
2752 2676 2850 2729 401
2887 2678 3170 2745 episcopus
3194 2677 3464 2731 Romanos
3497 2677 3664 2731 factus

2090 2756 2192 2802 est.
2229 2746 2546 2814 Episcopatu
2575 2756 2842 2812 suscepto,
2879 2747 3120 2816 ingentes
3148 2762 3268 2801 cum
3300 2748 3662 2801 Orientalibus

2090 2817 2357 2884 episcopis
2385 2818 2504 2871 lites
2529 2819 2596 2872 de
2622 2817 2678 2872 S.
2711 2817 2934 2872 Joannis
2960 2816 3324 2887 Chrysostomi
3356 2832 3514 2871 causa
3559 2821 3671 2885 agi-

2094 2895 2206 2940 tare
2247 2888 2430 2954 coepit,
2463 2889 2615 2955 cujus
2646 2888 2736 2940 ille
2769 2896 2943 2954 partes
2974 2899 3188 2942 strenue
3221 2895 3416 2941 tutatus
3459 2888 3663 2940 fuerat:

2092 2971 2246 3023 quem
2282 2957 2456 3010 vivum
2489 2961 2807 3010 auctoritate
2829 2973 2922 3010 sua
2953 2969 3005 3011 et
3030 2957 3403 3011 consolatoriis
3426 2958 3667 3023 epistolis

2090 3025 2443 3093 conﬁrmavit,
2489 3037 2544 3079 et
2588 3027 2825 3081 defuncti
2864 3042 3080 3081 causam
3128 3027 3344 3081 minime
3395 3027 3667 3092 deseruit;

2090 3097 2182 3152 sed
2215 3112 2344 3164 cum
2375 3098 2738 3151 Orientalibus
2769 3098 3034 3164 episcopis
3073 3099 3501 3151 Communiouem
3533 3099 3671 3151 inire

2093 3163 2371 3232 praefracte
2416 3169 2612 3230 renuit,
2669 3163 2841 3220 donec
2870 3165 3237 3236 Chrysostomi
3283 3183 3474 3220 nomen
3507 3168 3559 3220 iu
3589 3167 3672 3220 di-

2089 3237 2279 3305 ptycha
2305 3252 2457 3290 sacra
2489 3237 2815 3303 poStlimiuio
2856 3240 3242 3291 resutueretur.
3275 3238 3426 3290 Auno
3451 3236 3576 3301 409,
3606 3238 3674 3288 ab

2090 3305 2326 3358 I-Ionorio
2356 3308 2483 3374 imp.
2517 3307 2580 3360 ad
2615 3309 2883 3361 Alaricum
2912 3307 3208 3361 Gothorum
3260 3321 3436 3375 regem
3491 3307 3670 3359 Romae

2090 3377 2382 3445 exercitum
2411 3376 2751 3429 adtnoturum
2785 3379 2981 3444 legatus
3013 3385 3118 3445 est,
3173 3388 3228 3430 ut
3275 3381 3340 3428 ab
3388 3377 3669 3429 obsidione

2091 3443 2191 3497 iSIa
2227 3447 2482 3498 barbaros
2513 3455 2797 3500 averteret.
2841 3443 3110 3499 Successu
3158 3446 3368 3514 quidem
3398 3448 3565 3497 caruit
3597 3449 3669 3498 le-

2092 3515 2258 3580 gatio.
2312 3516 2404 3567 sed
2437 3530 2500 3568 eo
2530 3517 2688 3568 modo
2720 3517 2850 3568 urbe
2883 3516 3172 3569 subductus
3207 3517 3539 3568 Innocentius
3569 3515 3672 3568 Ra.

2097 3598 2280 3638 venuze
2310 3586 2564 3645 substitit,
2591 3596 2644 3637 et
2669 3585 2916 3638 miseram
2947 3601 3059 3638 sum
3085 3587 3229 3638 sedis
3272 3585 3476 3637 ruinam
3504 3600 3532 3637 e
3554 3586 3670 3638 lon-

2096 3655 2290 3722 ginquo
2317 3658 2598 3718 conspexit.
2629 3673 2640 3707 :
2672 3656 2936 3722 reliquum
2961 3656 3081 3708 vita:
3113 3669 3327 3707 cursum
3361 3653 3666 3708 Novatianis
3709 3681 3715 3687 η

2098 3735 2150 3776 ει
2227 3724 2523 3790 Pelagianis
2582 3724 2958 3792 impugnandis
3022 3724 3298 3790 ittl'pcndil.
3361 3724 3674 3779 Permisisse

2100 3794 2486 3855 Innocentium,
2516 3805 2570 3848 ut
2595 3796 2905 3848 imminente
2926 3795 3033 3861 jam
3077 3795 3259 3848 Ιὶιιιιιςιε
3309 3794 3518 3847 Alarico
3544 3809 3672 3862 gen-

2102 3865 2222 3934 tiles
2253 3865 2452 3933 priscos
2481 3866 2613 3917 ritus
2642 3875 2696 3919 et
2719 3865 2977 3919 sacrilicia
3005 3867 3144 3920 clam
3186 3873 3516 3934 peragerent,
3545 3880 3672 3918 con-

2103 3933 2222 3987 ticta
2250 3947 2329 3988 est
2350 3952 2376 3987 a
2400 3934 2631 4000 Zosimo,
2665 3936 2753 3989 lib.
2780 3951 2832 3998 v,
2861 3935 3149 3989 ealutnnia.
3174 3933 3387 3989 Zosimo
3412 3937 3678 4002 scriptore

2102 4004 2315 4058 ethnico
2337 4006 2533 4073 opponi
2579 4015 2802 4072 possunt
2833 4005 3101 4070 Socrates,
3137 4023 3212 4071 ιιι,
3244 4008 3298 4072 7,
3331 4017 3383 4061 et
3423 4007 3679 4060 Sozome-

2107 4090 2226 4138 nus,
2289 4090 2384 4134 vu,
2431 4076 2486 4137 9,
2535 4077 2624 4143 qui
2677 4076 2860 4129 Romae
2909 4075 3240 4130 obsidionem
3269 4089 3320 4131 et
3351 4076 3682 4129 ethnicorum

2108 4146 2409 4199 molitioues
2436 4162 2467 4198 ιι
2489 4157 2714 4200 :rrantes
2737 4163 2847 4199 rem
2880 4147 3032 4214 plane
3057 4157 3250 4210 tacent,
3279 4149 3326 4200 id
3348 4162 3681 4215 nequaquam

2111 4216 2326 4280 l'acturi,
2361 4216 2406 4268 si
2437 4217 2636 4286 crimen
2665 4217 2926 4286 ejusmodi
2974 4217 3281 4271 admisisset
3325 4216 3682 4279 Innocentius,

2109 4300 2266 4352 quem
2297 4295 2458 4339 secta:
2481 4285 2783 4340 Novatiana:
2809 4287 2991 4340 odimn
3024 4289 3153 4355 ipsis
3182 4287 3405 4340 invisum
3439 4287 3681 4340 reddide-

2115 4365 2212 4408 rat.
2247 4357 2389 4409 Obiit
2417 4371 2554 4409 auno
2582 4357 2708 4423 M7,
2749 4372 2855 4411 non
2887 4358 2974 4410 die
3014 4360 3085 4412 ‘28
3114 4356 3260 4425 Julii,
3305 4367 3360 4410 ut
3386 4357 3499 4410 vult
3530 4357 3690 4409 Baro-

2117 4427 2266 4491 nius;
2298 4442 2362 4479 ex
2413 4427 2673 4493 rescripto
2718 4429 2858 4482 enim
2917 4428 3114 4481 Zosimi
3157 4425 3478 4481 successoris
3533 4427 3690 4494 hujus

2116 4495 2409 4551 Innocentii
2440 4507 2590 4552 certo
2621 4508 2830 4552 ConSIat
2876 4500 3144 4551 Zosimum
3172 4499 3259 4552 die
3289 4498 3359 4551 “25
3387 4497 3562 4550 Martii
3591 4499 3688 4548 ιιιι⁸

2107 4566 2194 4636 jus
2225 4570 2349 4620 anni
2386 4571 2497 4636 jam
2547 4568 2841 4622 Ecclesiam
2891 4570 3182 4621 Romanam
3218 4568 3439 4628 rexisse,
3471 4567 3564 4620 sed
3603 4567 3690 4620 die

2116 4635 2178 4688 lz’.
2210 4635 2403 4698 Martii,
2429 4647 2486 4692 ut
2512 4649 2655 4705 patet
2682 4654 2748 4689 ex
2790 4653 2944 4705 quam
2995 4639 3234 4705 plurimis
3273 4637 3686 4705 Martyrologiis.

2109 4707 2292 4774 Neque
2315 4710 2456 4760 enim
2486 4707 2721 4760 obiitdie
2742 4709 2804 4760 2i
2836 4709 3142 4762 Decembris
3166 4709 3512 4775 praecedentis
3539 4709 3688 4771 anni,

2112 4778 2249 4844 quod
2275 4780 2383 4830 vult
2407 4777 2802 4844 Papebrocuius
2830 4781 2878 4830 iu
2903 4782 3103 4832 tLonatu
3122 4780 3686 4841 Chronico-historico;

2115 4863 2236 4900 nam
2282 4855 2634 4915 praeterquam
2681 4848 2820 4917 quod
2850 4857 3061 4902 constat
3107 4850 3254 4901 illum
3285 4849 3350 4900 ad
3385 4847 3540 4914 hujus
3567 4850 3693 4900 anni

2115 4917 2318 4970 initiuut
2349 4919 2509 4970 vitam
2545 4919 2885 4986 protraxisse,
2932 4935 3050 4972 cum
3100 4935 3283 4973 mense
3312 4917 3564 4970 Januario
3595 4920 3691 4971 Pe-

2115 4987 2351 5056 lagianos
2375 4989 2727 5054 damnavierit,
2757 5003 2822 5042 eo
2862 4998 3011 5056 pacto
3040 4990 3263 5042 sedisset
3289 4995 3491 5040 tantum
3522 5001 3694 5042 annos

2116 5072 2224 5124 xw,
2259 5072 2471 5112 menses
2496 5074 2568 5122 xt,
2599 5058 2715 5113 dies
2759 5074 2868 5122 χιιι,
2917 5059 3057 5125 quod
3101 5060 3336 5128 Catalogi
3388 5060 3693 5126 pontilicum

2117 5142 2222 5180 non
2268 5130 2558 5196 patiuntur,
2593 5131 2679 5198 qui
2714 5129 3075 5182 Innocentium
3109 5145 3172 5182 xv
3196 5145 3366 5183 annos
3409 5142 3692 5196 superasse

2117 5201 2476 5263 consentiunt,
2528 5202 2651 5254 licet
2693 5199 2745 5252 id
2791 5200 3183 5267 Papebrochius
3220 5201 3336 5252 sine
3372 5199 3688 5252 auctoritate

2118 5269 2341 5336 alicujus
2385 5271 2598 5324 Codicis
2648 5269 2983 5323 Anastasiani
3034 5278 3125 5322 aut
3169 5269 3392 5338 alicujus
3447 5267 3684 5334 Catalogi

2123 5341 2429 5406 ponttlicuut
2489 5355 2797 5406 persuasum
2852 5341 3062 5392 habeat.
3125 5339 3326 5392 Forsan
3383 5338 3540 5404 igitur
3579 5351 3696 5403 ejus

2121 5412 2386 5463 ordinatio
2433 5413 2588 5465 hodie
2625 5413 2944 5475 celebratur,
2995 5411 3094 5464 hoc
3121 5411 3261 5462 enim
3309 5409 3394 5461 die
3422 5407 3695 5459 ordinatus

2123 5490 2206 5534 est
2253 5482 2624 5543 Innocentius;
2660 5481 2742 5536 vel
2787 5483 2975 5534 saltem
3019 5479 3292 5533 translatio
3338 5476 3577 5545 quasdam
3611 5481 3697 5530 die

2124 5551 2469 5604 ordinationis
2501 5564 2734 5620 peracta.
2770 5551 2922 5614 Vide,
2952 5565 3135 5616 supra,
3165 5551 3230 5604 l2
3256 5549 3448 5603 Martii.

2201 5620 2218 5658 ί
2266 5621 2515 5692 Memmii.
2550 5625 2622 5676 De
2649 5625 2748 5676 hoc
2776 5624 2896 5676 vide
2931 5636 2962 5674 v
2992 5621 3238 5692 Augusti.

2197 5697 2211 5741 l
2295 5691 2549 5765 Triginta.
2610 5693 2756 5750 Passi
2803 5703 2923 5748 sunt
2975 5694 3026 5746 in
3085 5691 3454 5761 persecutione
3494 5691 3697 5746 Diocle-

2129 5764 2274 5821 tiani.
