4054 6190
417 388 548 449 H39

1136 360 1335 445 unum.
1378 383 1822 443 VENERABILIS
1866 388 2017 442 orn.
2064 384 2236 442 rans
2277 386 2363 440 tv.
2404 414 2473 426 —
2514 380 2895 440 lllSTUlthA.

3531 376 3671 435 tito

1696 498 1920 553 EDlTlO
1959 497 2426 553 COLONIENSIS.

414 594 726 655 latronibus,
784 593 1070 660 bestiisque
1108 594 1407 659 consumpti
1462 603 1615 657 sunt,
1658 595 1747 660 qui
1795 606 1980 647 omnes
2010 596 2059 653 Α
2090 591 2280 652 letum,
2334 599 2572 655 tempore
2605 586 2927 641 Diocletiani
2958 595 3011 640 et
3035 584 3337 640 Maximiani
3377 587 3668 655 imperato-

415 686 605 739 imitati
637 686 837 739 electos
880 685 971 737 Dei
1011 683 1316 753 pmphetas,
1347 684 1520 751 gloria
1554 685 1789 753 martyrii
1834 699 1988 737 coro-

415 777 524 828 nati
575 784 720 829 sunt.
769 776 909 828 Inter
955 788 1087 840 quos
1116 782 1170 825 et
1215 773 1547 826 venerandus
1575 787 1738 826 senex
1793 775 1991 827 Cinere-

417 882 559 919 mon.
612 866 708 919 llic
756 864 1035 933 episcopus
1085 864 1227 916 urbis
1272 863 1650 932 Egypti,qu:e
1680 865 1873 917 dicitur
1902 864 1991 917 Ni-

413 958 642 1026 copolis,
671 972 790 1011 cum
839 956 904 1008 ad
936 954 1221 1007 Arabicum
1277 966 1510 1007 montem
1542 970 1644 1007 una
1682 970 1802 1009 cum
1834 971 1992 1024 gran-

420 1051 568 1103 dmva
623 1049 848 1117 conjuge
901 1045 1281 1109 discessisset,
1339 1044 1468 1098 nulli
1523 1045 1657 1099 ultra
1722 1047 1988 1113 apparuit.

425 1140 609 1192 Romae
655 1139 917 1205 depositio
956 1136 1127 1190 sancti
1172 1136 1365 1191 Felicis
1396 1135 1651 1203 episcopi.
1702 1134 1756 1188 ln
1805 1138 1993 1188 Antio-

422 1230 533 1284 chia
565 1231 739 1283 natale
766 1229 934 1282 sancti
970 1227 1181 1292 Basilei,
1226 1234 1280 1279 et
1306 1226 1429 1279 alibi
1472 1226 1647 1295 passio
1671 1225 1987 1279 Theodosia:

423 1320 659 1390 virginis,
691 1329 744 1372 et
778 1317 985 1387 Didymi
1018 1316 1285 1370 monachi.

490 1412 556 1466 G.
584 1410 648 1464 Χ.
683 1410 918 1463 Κηεδο.
948 1407 1065 1461 Jan.
1093 1437 1163 1447 —
1194 1407 1378 1461 Romae
1428 1410 1602 1461 natale
1647 1418 1844 1462 sanctae
1871 1407 1994 1464 Vic-

424 1502 574 1555 toria:
602 1500 841 1568 virginis,
890 1498 1257 1566 persecutione
1302 1497 1445 1551 Decii
1478 1499 1836 1567 imperatoris.
1864 1499 1993 1566 Quae

422 1611 540 1647 cum
587 1601 729 1647 esset
756 1592 1072 1661 desponsata
1105 1591 1217 1643 viro
1264 1605 1468 1659 pagano
1512 1590 1769 1659 Eugenio,
1800 1599 1853 1644 et
1895 1604 1995 1644 nec

426 1683 625 1738 nubere
675 1680 852 1745 vellet,
914 1697 1011 1735 nec
1063 1679 1383 1745 sacriiicare,
1442 1691 1658 1750 preptcr
1706 1683 1992 1735 draconem

428 1777 728 1842 pestiferum
762 1774 829 1828 de
880 1773 986 1827 illis
1023 1774 1153 1826 locis
1195 1772 1500 1840 expulsum,
1529 1774 1702 1827 etalia
1734 1773 1867 1826 facta
1897 1774 1994 1827 mi-

430 1866 629 1931 racula,
681 1874 736 1919 et
767 1875 983 1934 propter
1010 1866 1239 1934 virgines
1272 1878 1403 1933 quas
1428 1864 1493 1918 ad
1519 1864 1857 1918 serviendum
1887 1865 1991 1917 Do-

2092 696 2230 746 rum,
2263 683 2359 734 sub
2383 681 2560 751 judice
2616 679 2834 733 Flacco.
2879 680 2977 744 Qui
3010 678 3134 732 dum
3184 689 3587 746 perseveranter
3613 680 3667 732 in

2092 768 2197 823 [ide
2228 780 2483 837 maneret,
2518 767 2750 824 luStibus
2804 767 3024 822 nodosis
3062 768 3277 822 dorsum
3328 768 3444 836 ejus
3474 771 3667 822 verbe-

2092 871 2263 913 ratum
2321 862 2607 927 rumpitur,
2662 858 2909 926 rigiratus
2956 867 3141 913 venter
3181 858 3298 925 ejus
3352 858 3665 925 dissipatur,

2091 950 2213 1005 inde
2242 953 2428 1021 ligatus
2462 968 2647 1006 manus
2690 960 2745 1005 et
2784 951 2945 1020 pedes
2991 960 3043 1007 in
3074 950 3325 1003 craticula
3356 951 3673 1018 superponi-

2094 1052 2197 1105 tur,
2231 1043 2383 1109 lignis
2415 1044 2719 1111 suppositis.
2754 1042 3018 1097 Continuo
3051 1054 3356 1097 terraemotu
3380 1043 3546 1106 facto,
3582 1058 3671 1096 ce-

2094 1135 2217 1187 cidit
2248 1149 2349 1187 una
2414 1135 2563 1204 regio
2614 1137 2663 1188 in
2708 1136 2926 1189 civitate
2983 1135 3293 1203 Spoletana,
3322 1145 3377 1188 et
3405 1135 3675 1204 oppressit

2095 1228 2370 1294 plusquam
2424 1233 2687 1280 trecentos
2754 1224 2909 1280 idolis
2976 1228 3289 1281 servientes.
3342 1227 3466 1280 Post
3526 1226 3669 1281 ferro

2098 1319 2439 1384 constrictus,
2470 1319 2569 1371 sub
2599 1320 2834 1372 custodia
2891 1319 3115 1372 militum
3166 1320 3219 1373 iu
3252 1334 3521 1373 carcerem
3552 1330 3674 1373 tru-

2097 1406 2259 1470 ditur,
2316 1407 2400 1459 ubi
2444 1408 2678 1475 angelica
2712 1407 3014 1461 visitatione
3047 1408 3379 1461 consolatur.
3428 1408 3665 1463 Eductus

2096 1512 2128 1551 e
2169 1513 2386 1553 carcere
2413 1499 2627 1553 carduis
2659 1498 2849 1553 ferreis
2869 1516 3037 1570 genua
3061 1501 3201 1555 illius
3226 1516 3477 1570 percussa
3510 1512 3632 1555 sunt
3656 1520 3671 1557 :

2095 1588 2191 1642 sed
2244 1598 2299 1642 et
2354 1589 2663 1644 ardentibus
2702 1590 3034 1658 lampadibus
3087 1592 3252 1647 latera
3282 1595 3399 1663 ejus
3429 1596 3671 1661 incensa,

2098 1680 2312 1735 dicente
2368 1682 2524 1736 beato
2564 1691 2799 1754 martyre
2842 1684 3005 1752 judici
3032 1685 3197 1752 impio
3225 1702 3238 1738 :
3267 1687 3322 1741 Si
3354 1697 3517 1741 totum
3553 1704 3677 1742 cor-

2098 1787 2194 1840 pus
2223 1784 2401 1825 meum
2431 1772 2645 1841 perdas,
2697 1783 2892 1841 prmsto
2921 1783 3003 1828 est
3045 1776 3296 1829 Dominus
3322 1794 3471 1832 meus
3521 1778 3677 1833 Jesus

2098 1862 2365 1925 Christus,
2397 1862 2487 1930 qui
2519 1877 2605 1916 me
2645 1874 2796 1916 sanat
2825 1874 2876 1918 et
2922 1865 3254 1921 corroborat.
3281 1867 3433 1921 Tunc
3456 1866 3678 1923 Flaccus

433 1958 575 2011 tnino
631 1964 1037 2027 aggregaverat,
1088 1969 1337 2023 percussa
1387 1965 1469 2008 est
1518 1954 1693 2023 gladio
1747 1958 1797 2008 in
1838 1955 2000 2010 corde
2031 1955 2256 2024 Bjussit
2278 1955 2504 2009 Tircano
2529 1955 2838 2020 cuidam,ut
2864 1957 3075 2011 beatum
3098 1955 3414 2026 Gregorium
3449 1972 3674 2015 tractum

430 2068 457 2103 ιι
490 2051 733 2104 carniiice
787 2046 1127 2102 Thaliarcho.
1162 2046 1368 2114 Corpus
1415 2046 1532 2115 ejus
1561 2061 1680 2099 cum
1721 2047 1863 2100 omni
1916 2061 2002 2101 re-

429 2142 663 2198 verentia
719 2150 958 2194 curatum
1013 2149 1114 2193 est.
1165 2140 1316 2207 Apud
1382 2138 1739 2193 Nicomediam
1785 2149 1999 2195 sancto-

435 2252 547 2289 rum
576 2244 867 2303 martyrum
906 2232 1116 2302 viginti,
1168 2247 1303 2301 quos
1352 2231 1674 2287 Diocletiana
1700 2235 2002 2303 persecutio

433 2328 758 2396 gravissimis
792 2326 1068 2380 tormentis
1120 2336 1383 2397 martyres
1430 2326 1646 2381 Christo
1678 2328 1820 2381 fecit.
1868 2327 2000 2380 Item

434 2417 618 2471 lluinze
649 2417 784 2470 beati
841 2414 1069 2477 Servuli,
1124 2415 1275 2483 cujus
1306 2416 1491 2470 beatus
1534 2416 1771 2469 meminit
1804 2416 2001 2485 Grego-

430 2510 544 2561 rius
573 2506 625 2559 in
671 2504 934 2558 homeliis.
997 2503 1052 2556 in
1097 2505 1200 2557 alio
1240 2505 1360 2557 loco
1409 2505 1656 2569 EvariSti,
1700 2506 1919 2560 Victoris
1950 2515 2003 2561 et

432 2600 655 2650 aliorum
698 2596 1125 2664 octingentorutn
1159 2595 1374 2664 triginta
1405 2596 1655 2649 duorum.

507 2690 571 2741 Α.
608 2685 677 2739 IX
702 2686 945 2740 Kacssn.
972 2685 1092 2739 Jan.
1118 2716 1188 2725 —
1216 2686 1398 2755 Vigilia
1433 2687 1639 2739 Domini
1682 2687 1847 2740 nostri
1877 2686 2005 2742 Jesu

433 2768 653 2825 ChrISti.
687 2770 837 2838 Apud
862 2770 1199 2823 Antiochiam
1227 2771 1391 2841 Syria:
1417 2783 1718 2825 sanctarum
1745 2772 2005 2838 virginum

433 2860 803 2929 quadraginta,
840 2873 960 2927 quae
1002 2861 1373 2927 persecutione
1407 2861 1631 2914 Deciana
1663 2878 1758 2931 per
1795 2862 2005 2917 diversa

435 2965 697 3008 tormenta
749 2952 1065 3022 martyrium.
1108 2964 1629 3012 consummaverunt.
1678 2953 1879 3010 Eodem
1922 2955 2005 3011 die

438 3044 604 3100 sancti
653 3043 896 3115 Gregorii
929 3044 1224 3114 presbyteri
1272 3053 1325 3099 et
1372 3046 1661 3115 martyris:
1693 3047 1830 3116 apud
1870 3046 2005 3116 Spo-

2107 2048 2160 2100 in
2210 2046 2664 2116 amphitheatrum
2695 2049 3001 2103 decollaret.
3042 2049 3159 2116 Quo
3204 2049 3346 2104 facto
3372 2053 3533 2119 jussit
3561 2053 3680 2107 Tir-

2104 2154 2270 2193 canus
2294 2139 2432 2193 feras
2466 2139 2728 2193 terribiles
2754 2140 2968 2205 dimitti,
3002 2149 3058 2194 ut
3084 2155 3278 2210 corpus
3316 2143 3486 2196 sancti
3542 2160 3681 2195 mar.

2107 2230 2237 2300 tyris
2264 2230 2630 2295 absorberent,
2676 2230 2770 2284 sed
2804 2230 2942 2283 nulla
2992 2246 3176 2285 earum
3205 2246 3397 2300 corpus
3438 2244 3680 2287 sanctum

2102 2326 2296 2393 attigit.
2324 2323 2577 2390 Quaedam
2633 2332 2810 2377 autem
2842 2323 3033 2377 mulier
3064 2324 3399 2378 Abundantia
3443 2328 3679 2388 nomine,

2103 2415 2257 2485 petiit
2281 2430 2474 2483 corpus
2493 2414 2661 2467 sancti
2690 2415 2967 2485 martyris;
2998 2414 3091 2469 sed
3113 2417 3234 2483 quia
3265 2416 3420 2470 aliter
3439 2417 3684 2471 obtinere

2104 2523 2208 2561 non
2265 2508 2453 2574 potuit,
2496 2507 2635 2561 datis
2693 2506 2903 2576 triginta
2947 2507 3178 2577 quinque
3226 2508 3400 2563 aureis
3432 2509 3683 2575 Tircano,

2106 2612 2298 2665 corpus
2353 2599 2551 2667 recepit
2600 2607 2674 2666 et,
2734 2609 2790 2652 ut
2849 2599 3068 2663 decuit,
3121 2609 3407 2669 martyrem
3440 2604 3687 2669 sepelivit

2106 2691 2253 2758 juxta
2310 2700 2523 2757 pontem
2578 2690 2862 2758 lapideum.
2898 2689 2955 2744 in
2992 2691 3246 2759 Thropoli
3293 2692 3523 2757 civitate,
3556 2700 3685 2746 san-

2110 2780 2180 2832 cti
2250 2778 2503 2843 Luciani,
2562 2779 2826 2848 Metrobi,
2885 2780 3059 2846 Pauli,
3122 2782 3332 2847 Zenoti,
3382 2783 3684 2850 Theutini,

2110 2871 2285 2926 Drusi.

2106 3022 2109 3025 ν
2183 2962 2239 3014 Β.
2274 2960 2386 3014 Vill
2411 2959 2647 3016 KALEND.
2676 2961 2794 3016 Jan.
2824 2992 2895 3003 —
2919 2962 3073 3018 Jssus
3102 2963 3361 3019 Cuntsrus
3386 2965 3559 3019 Ftuus
3583 2966 3683 3021 Dat

2111 3066 2161 3104 ts
2188 3050 2474 3104 BETHLEEI
2498 3050 2696 3106 1110.455
2729 3066 3005 3118 uascrrun,
3036 3070 3171 3110 anno
3192 3052 3433 3110 Casurus
3451 3060 3684 3111 Ausus"

1678 3159 1905 3215 EDITIO
1943 3161 2440 3221 BOLLANDIANA.

438 3270 551 3326 rum
578 3255 664 3317 qui
709 3269 893 3326 omnes
922 3270 1023 3326 una
1051 3253 1135 3305 die
1163 3251 1403 3326 coronati
1442 3258 1584 3304 sunt.
1618 3250 1684 3304 A.
1712 3249 1775 3303 Τ.
1822 3252 2002 3326 l_.._B.,
2033 3256 2079 3315 C
2110 3255 2426 3317 Eieutherii,
2469 3254 2688 3315 Urbani,
2718 3257 2972 3318 Cornelii,
3007 3256 3127 3326 Traj
3151 3259 3244 3319 ini,
3277 3258 3527 3321 Victoris,
3573 3259 3679 3313 Ca-

439 3323 640 3390 lloma‘,
672 3332 695 3357 ιι
728 3325 807 3376 via
861 3322 1142 3384 Lavicatta,
1200 3322 1373 3373 natale
1425 3332 1735 3390 sanctorum
1789 3322 2004 3388 triginta

442 3388 752 3462 martyrum,
783 3393 869 3462 qui
903 3403 1006 3445 una
1039 3393 1123 3443 die
1147 3398 1281 3462 sunt
1302 3389 1576 3462 coronati.
1598 3388 1787 3462 A._'l‘.,
1819 3390 2003 3444 Koma:

441 3454 699 3531 rlepoSitio
736 3454 811 3516 S.‘
836 3461 1027 3514 Felicis
1054 3457 1313 3531 episcopi.
1348 3454 1407 3512 1..
1460 3458 1623 3531 addit,
1650 3459 2001 3531 iPortuensis.

440 3527 598 3597 A,'T.
630 3534 712 3597 Β..
746 3536 803 3585 lit
833 3533 1008 3598 passio
1038 3527 1098 3584 S.
1137 3528 1447 3582 Theodosia:
1471 3527 1708 3599 virginis.
1745 3530 1807 3582 Et
1852 3532 2008 3599 Didy-

446 3607 517 3656 mi
552 3605 793 3656 monachi
830 3606 910 3667 Β..
939 3601 992 3654 1η
1025 3609 1176 3669 portu
1210 3600 1447 3653 Romano
1471 3599 1644 3653 natale
1685 3598 1742 3653 S.
1775 3598 2005 3655 AriStoni

446 3684 497 3727 et
520 3675 576 3728 S.
611 3673 799 3727 Felicis
822 3673 1075 3741 episcopi.
1106 3670 1301 3724 Eodem
1344 3669 1429 3723 die
1458 3670 1630 3736 passio
1668 3670 1725 3724 S.
1752 3671 1779 3709 ι)
1804 3670 2007 3738 Grego-

438 3745 502 3797 rii
527 3746 792 3813 martyris.

508 3834 599 3888 25.
622 3857 692 3871 -—
725 3832 769 3885 Χ
815 3832 947 3885 ιω..
980 3828 1248 3897 Depositio
1272 3828 1331 3883 8.
1367 3840 1387 3867 ο
1422 3827 1669 3882 Victoria:
1696 3827 1878 3881 Roma:
1906 3829 2005 3883 sub

441 3926 634 3986 Decio;
664 3936 780 3992 quae
806 3937 925 3975 cum
962 3930 1108 3975 esset
1137 3920 1455 3985 desponsata
1504 3920 1619 3972 viro
1652 3933 1856 3987 pagano
1903 3919 2009 3973 Eu-

437 4016 617 4083 genio,
663 4022 717 4067 et
763 4027 859 4066 nec
899 4011 1098 4065 nubere
1146 4010 1305 4065 vellet
1350 4024 1448 4064 nec
1499 4010 1823 4073 sacriﬁcare,
1875 4018 1995 4077 post

440 4104 604 4159 multa
645 4102 775 4155 facta
810 4100 1091 4165 mirabilia,
1124 4100 1261 4154 inter
1309 4114 1427 4168 qua'.
1474 4099 1728 4167 plurimas
1774 4098 2006 4167 virgines

445 4196 668 4251 Domino
694 4202 1091 4263 aggregaverat,
1118 4207 1372 4261 percussa
1396 4200 1477 4244 est
1517 4190 1711 4259 gladio,
1753 4190 2006 4246 carniﬁce

442 4284 723 4339 Taliarcho
778 4284 1090 4349 templorum
1158 4284 1352 4336 comite
1418 4291 1600 4348 rogatu
1658 4282 1739 4334 sui
1789 4280 2004 4347 Sponsi;

439 4380 674 4444 (it‘pOSila
704 4386 786 4429 est
811 4384 989 4428 autem
1024 4392 1053 4428 ι
1077 4374 1430 4427 Kalendarum
1460 4373 1791 4427 earumdem.

510 4470 571 4520 (ἒ.
603 4467 691 4531 V.,
722 4466 918 4519 Eodem
948 4464 1034 4519 die
1057 4464 1114 4517 S.
1141 4463 1380 4534 Gregorii
1412 4463 1655 4531 martyris
1679 4463 1929 4530 Spoletini
1955 4472 2009 4517 et

441 4541 527 4593 alii
561 4540 808 4605 nongenti
857 4535 883 4573 ἀ
922 4538 1153 4604 triginta,
1213 4540 1273 4588 A.
1309 4535 1397 4600 T.,
1449 4535 1628 4605 llorna:
1685 4537 1859 4605 natale
1907 4536 2003 4605 SS.

2108 3327 2257 3378 stolae
2285 3334 2339 3379 et
2365 3326 2585 3379 aliorum
2614 3329 3034 3395 octingentorum
3056 3338 3107 3381 et
3151 3329 3385 3395 triginta.
3434 3332 3487 3382 in
3516 3330 3678 3385 Nico-

2108 3396 2807 3478 media_iiatale_sanctoru_rri
2849 3398 3062 3478 triginta
3086 3398 3321 3478 quinque
3354 3412 3673 3478 martyrum.

2108 3466 2177 3519 Et
2213 3466 2338 3519 alibi
2372 3466 2558 3519 natalis
2602 3467 2695 3521 SS.
2744 3465 2963 3522 Joannis
3011 3476 3066 3521 et
3113 3465 3320 3521 Felicis.
3356 3468 3440 3533 ι...
3476 3468 3677 3523 Eodem

2106 3537 2193 3590 die
2242 3538 2513 3608 adventus
2542 3538 2881 3606 reliquiarum
2931 3537 2988 3591 S.
3026 3544 3073 3608 γε
3129 3538 3395 3591 Lamberti
3429 3539 3676 3608 martyris

2107 3615 2263 3673 atque
2286 3606 2547 3674 pontiﬁcis
2569 3648 2584 3673 ,
2616 3622 2744 3675 quas
2770 3607 3088 3662 veneranda:
3140 3611 3412 3660 memoria:
3448 3606 3677 3662 domnus

2110 3675 2419 3741 Unedricus,
2482 3680 2638 3746 huius
2685 3678 2783 3731 loci
2834 3678 2999 3730 abbas
3041 3679 3247 3737 tertius,
3305 3678 3371 3730 ab
3425 3678 3678 3745 episcopo

2111 3746 2382 3801 Leodiensi
2416 3746 2680 3805 Alberone
2725 3748 2766 3799 ll
2810 3749 3150 3800 devotissime
3196 3747 3523 3813 impetratas,
3578 3748 3680 3801 Ec-

2108 3816 2269 3869 clesia
2301 3818 2547 3875 Laztiensi
2580 3836 2609 3871 ι
2643 3817 2757 3870 Kal.
2805 3818 3037 3871 Januarii
3096 3818 3403 3869 solemniter
3450 3819 3676 3880 invexit,

2108 3887 2523 3957 solemniterque
2564 3889 2733 3953 ipsius
2764 3888 2867 3941 diei
2906 3886 3219 3941 memoriam
3260 3890 3541 3955 quotannis
3583 3903 3683 3941 ee-

2111 3955 2417 4012 lebrandam
2439 3955 2692 4014 instituit.

2178 4049 2271 4105 24.
2298 4080 2368 4093 -—
2401 4050 2471 4104 IX
2500 4049 2635 4104 Κλι..
2678 4046 2865 4116 Vigilia
2892 4044 3081 4100 natalis
3110 4043 3341 4099 Domini.

2183 4140 2269 4202 D..
2298 4140 2447 4208 Apud
2478 4137 2809 4192 Antiochiam
2841 4136 3007 4206 Syrie
3037 4138 3211 4189 natale
3242 4144 3543 4208 sanctarum
3571 4135 3680 4190 vir-

2110 4210 2287 4278 ginum
2328 4206 2697 4277 quadraginta,
2743 4223 2858 4272 qua:
2908 4209 3275 4273 persecutione
3322 4206 3546 4259 Deciana
3586 4220 3690 4278 per

2112 4273 2320 4333 diversa
2346 4273 2629 4331 'torme'nta
2671 4278 2983 4347 martyrium
3023 4286 3551 4347 consummaverunt.
3586 4273 3682 4347 _V.,

2112 4351 2295 4403 Natale
2341 4357 2640 4403 sanctarum
2685 4345 2941 4408 virginum
2969 4347 3339 4415 quadraginta.
3373 4347 3437 4399 Α.
3470 4346 3538 4399 Τ.
3583 4345 3679 4409 1....

2120 4420 2139 4459 ί
2174 4421 2353 4474 [inmte
2380 4418 2552 4473 natale
2598 4418 2703 4471 SS.
2752 4416 2995 4481 Metrobi,
3029 4414 3199 4481 Pauli,
3222 4427 3273 4467 et
3300 4414 3540 4470 Luciani.

2182 4510 2271 4566 ‘25.
2312 4538 2382 4550 —
2421 4508 2529 4563 Vill
2562 4508 2695 4562 ΚΑΙ..
2728 4506 2979 4560 Nativitas
3010 4507 3073 4559 D.
3098 4506 3164 4560 N.
3203 4507 3328 4561 Jesu
3356 4505 3573 4560 Christi.

444 4596 732 4665 hit-other“
758 4616 811 4661 et
837 4596 1087 4662 CornEIii.
1118 4596 1205 4672 13.,
1232 4596 1408 4659 Roma:
1432 4604 1605 4658 natale
1635 4605 1729 4659 SS.
1756 4604 1999 4673 Eugenii,
2036 4612 2081 4669 ι)
2180 4602 2366 4656 Florus
2395 4600 2543 4655 addit
2598 4598 2649 4652 in
2690 4600 2754 4651 A.
2777 4610 2835 4657 et
2886 4598 2946 4651 L.
2978 4615 2989 4650 :
3016 4597 3112 4662 Qui
3162 4598 3212 4651 in
3254 4596 3547 4651 divinitatis
3573 4610 3689 4651 suae

1811 4718 2015 4773 SMITII
2052 4715 2281 4772 NOTAE.

514 4830 537 4856 ⁸
586 4817 678 4871 Via
698 4815 948 4868 Lavicana
975 4812 1126 4867 deest
1168 4813 1227 4864 Β.

511 4889 539 4928 δ
583 4886 836 4955 Gregorii.
904 4884 1003 4949 Qui
1076 4879 1405 4955 temporibus
1431 4877 1775 4955 _Diocletiani
1812 4880 2007 4955 primo

442 4958 659 5013 nodosis
686 4948 908 5009 fustibus
932 4948 1126 5013 caesus.
1178 4965 1241 5004 ac
1287 4948 1477 5002 deinde
1530 4961 1646 5015 post
1695 4950 2005 5002 craticulam

440 5040 492 5083 et
523 5041 814 5092 carcerem,
854 5026 1064 5077 caninis
1113 5022 1297 5092 ferreis
1346 5019 1395 5072 in
1427 5020 1651 5092 genibus
1698 5033 2003 5092 percussus,

442 5098 537 5153 sed
564 5107 617 5149 et
655 5088 960 5148 ardentibus
1008 5091 1336 5160 lampadibus
1395 5104 1487 5157 per
1540 5088 1707 5143 latera
1762 5088 2007 5143 incensus

446 5168 654 5221 tandem
701 5165 992 5218 decollatus
1030 5175 1132 5216 est.

517 5241 538 5267 ε
595 5235 846 5289 Victoriw.
908 5234 1027 5286 llaec
1056 5245 1207 5300 passa
1259 5240 1342 5284 est
1386 5228 1568 5282 Romae
1612 5228 1763 5300 juxta
1810 5226 2007 5300 Usuar-

446 5312 569 5364 dum
602 5316 656 5359 et
685 5305 942 5365 Adonem,
971 5298 1118 5371 juxta
1148 5302 1360 5355 Petrum
1409 5302 1475 5353 de
1503 5299 1673 5352 Natal.
1704 5299 1842 5365 apud
1883 5298 2009 5351 civi-

446 5393 604 5434 tatem
634 5376 968 5429 Tibulanant.

512 5450 539 5488 ά
577 5447 828 5514 Triginta.
876 5447 1018 5509 Quos
1048 5441 1403 5514 Diocletianea
1429 5438 1732 5514 persecutio
1755 5435 2010 5514 gravissi-

445 5522 544 5572 mis
587 5505 1153 5581 torinentis’r'nariyres
1183 5510 1380 5563 Christi
1424 5509 1567 5581 iecit.
1611 5507 1840 5569 Usuann,
1876 5505 2007 5581 Aro.

451 5593 523 5646 lle
552 5588 876 5658 martyribus
918 5576 1405 5658 Nicomediensibus
1436 5580 1487 5631 in
1521 5578 1617 5658 hac
1643 5576 2010 5658 persecutione

449 5660 615 5725 pas~is
644 5648 827 5710 sc'ribit
860 5655 1050 5707 Euseb.
1090 5653 1224 5725 Hist:
1250 5650 1394 5704 Eccl.
1421 5664 1534 5725 vm,
1568 5648 1620 5725 5.,
1653 5648 1704 5698 b'.
1750 5714 1787 5725 ῃ

520 5734 541 5757 ἰ
572 5725 845 5778 Lamberti.
889 5729 1043 5775 Anno
1094 5720 1247 5779 1M3,
1283 5730 1469 5785 quarto
1500 5718 1705 5770 decimo
1750 5714 1862 5768 th.
1915 5714 2000 5766 Ja-

453 5794 647 5857 nuarii,
677 5802 809 5848 teste
836 5793 1031 5846 «Iacobo
1054 5791 1416 5857 Chapeavillo,
1450 5790 1497 5842 in
1543 5791 1685 5841 Notis
1725 5789 1785 5839 ad
1826 5786 2001 5854 pron

2116 4822 2237 4871 gum
2269 4805 2522 4866 Stephani
2547 4802 2781 4871 episcopi
2809 4803 2872 4855 ad
2900 4802 3071 4855 Vitam
3095 4802 3155 4856 S.
3181 4801 3523 4867 Landeberti,
3548 4804 3684 4861 facta

2115 4879 2213 4930 fuit
2255 4876 2433 4929 Leodii
2488 4876 2736 4941 repositto
2787 4874 3127 4941 reliquiarum
3184 4874 3244 4925 Β.
3297 4875 3566 4929 Lamberti
3619 4878 3687 4933 de

2116 4947 2329 5000 vasculo
2357 4946 2407 4997 in
2438 4960 2542 5013 quo
2562 4955 2680 5013 post
2710 4946 3010 5009 passionem
3036 4958 3063 4994 a
3090 4944 3145 4996 8.
3173 4944 3407 4995 liuberto
3427 4946 3685 5011 episc0po

2114 5018 2302 5069 locatae
2331 5014 2556 5077 fuerant,
2593 5016 2642 5065 in
2677 5029 2769 5065 vas
2815 5014 2952 5065 aliud
3001 5014 3137 5081 quod
3187 5014 3239 5065 in
3286 5013 3487 5067 honere
3520 5017 3684 5082 ipsius

2113 5086 2367 5138 decenter
2416 5084 2732 5137 fabricatum
2791 5083 3045 5150 fulgebat,
3103 5094 3364 5151 praesente
3415 5084 3685 5140 Alberone

2114 5157 2387 5221 episcopo,
2417 5165 2470 5207 et
2518 5162 2729 5206 astante
2781 5155 3072 5219 frequentia
3128 5168 3405 5217 procerum
3444 5163 3500 5204 et
3529 5155 3683 5210 cieri.

2115 5224 2246 5277 lluic
2279 5224 2583 5291 repositioni
2628 5238 2747 5275 cum
2794 5224 2909 5275 aliis
2938 5222 3106 5275 adfuit
3136 5223 3461 5276 Unedericus
3492 5226 3684 5277 tertius

2117 5295 2374 5348 Letiensis
2422 5293 2607 5357 abbas,
2639 5303 2799 5359 atque
2850 5291 2971 5344 inde
3016 5295 3242 5345 maxima
3272 5292 3411 5343 dona
3457 5291 3681 5344 Laetiam

2116 5364 2315 5427 retulit,
2352 5365 2595 5416 videlicet
2622 5378 2682 5414 os
2712 5365 2777 5415 de
2800 5376 3023 5428 corpore
3064 5364 3226 5428 ipsius
3255 5365 3523 5430 martyris,
3541 5370 3594 5413 et
3617 5363 3685 5415 de

2115 5436 2295 5487 cinere
2326 5446 2429 5485 tam
2457 5434 2633 5486 carnis
2665 5434 2828 5501 ipsius
2856 5435 3483 5501 quam,vestimentorum
3514 5444 3564 5484 et
3608 5432 3675 5483 le

2116 5504 2243 5555 ctuli
2278 5504 2325 5555 iu
2357 5519 2461 5568 quo
2495 5500 2716 5568 primum
2749 5502 2986 5565 sepultus
3015 5500 3137 5564 fuit,
3178 5509 3283 5554 etc.
3312 5502 3370 5554 S.
3404 5500 3679 5553 Lamberti

2116 5574 2228 5625 dies
2258 5574 2445 5624 natalis
2472 5572 2765 5624 celebratur
2798 5571 2861 5623 17
2906 5572 3180 5635 Septemb.

2194 5641 2211 5679 ί
2255 5643 2449 5697 Roman
2496 5642 2555 5694 lli
2585 5656 2709 5695 vero
2735 5640 2933 5707 Tripoli
2966 5642 3103 5705 passi
3151 5650 3273 5697 sunt
3309 5640 3457 5709 juxta
3492 5639 3694 5696 Usuar-

2109 5714 2254 5781 dum,
2292 5713 2590 5767 Hrabaninn
2638 5723 2687 5765 et
2733 5712 3035 5763 llaronium.
