4054 6190
424 361 553 415 HM

1550 357 1741 413 SECT.
1782 356 1845 412 ll.
1885 386 1955 397 —-
1998 358 2556 413 MARTYROLOGIA.

3524 356 3661 412 ΗΞπᾶ

1676 467 1899 522 EDITIO
1936 467 2391 525 COLONIENSIS.

418 563 702 615 Ocritvuttt
748 574 1401 625 osannacsstuosecusoo,
1467 572 1787 613 oxvarttnts
1841 573 1980 612 veno
2008 564 2059 619 Α
2088 559 2331 622 basilica,
2366 568 2423 613 ut
2449 557 2649 623 decuit,
2673 564 2958 629 martyrem
2989 559 3246 628 sepelivit.
3283 559 3404 640 Ipso
3426 562 3510 615 dte
3544 563 3648 615 llo-

416 667 726 708 σεμτεδιιιι
752 667 1094 707 ΝοΝΑῦεευιΑς
1124 668 1317 706 TERTIO
1342 666 1496 716 ANNO,
1523 668 1586 705 AB
1619 650 1765 707 URBE
1795 666 1975 704 AU'I'EI

415 759 640 797 CONDITA
700 758 1184 799 SEPTINGENTESIIO
1235 756 1657 805 QUINQUAGESIIO
1711 754 1981 804 SECUNDO,

415 833 738 901 compressis
766 844 1073 887 cunctarum
1096 850 1186 903 per
1208 836 1393 888 orbem
1426 843 1580 887 terra:
1608 833 1838 902 gentium
1861 846 1978 885 mo-

416 926 575 989 libus,
605 937 659 981 et
710 924 1012 978 ﬁrmissima
1043 940 1170 989 pace
1204 924 1542 979 ordinatione
1593 924 1683 977 Dei
1716 937 1743 975 a
1774 924 1982 975 Caesare

414 1017 650 1085 Augusto
694 1015 985 1069 Octaviano
1014 1015 1326 1082 composita,
1369 1016 1580 1085 quando
1620 1014 1880 1084 Cyrcnius
1914 1030 1979 1068 ex

413 1104 632 1158 consilio
680 1113 914 1171 senatus,
967 1105 1019 1159 in
1048 1105 1282 1159 Judaeam
1316 1106 1535 1169 missus,
1577 1119 1767 1159 census
1798 1103 1975 1157 homi-

415 1209 538 1247 num
591 1196 1089 1265 possessionumque
1139 1194 1493 1259 describebat,
1535 1205 1751 1249 sextam
1800 1195 1981 1248 mundi

411 1289 618 1337 mtatem
667 1298 766 1337 suo
820 1285 1058 1353 piissimo
1100 1285 1431 1338 consecravit
1486 1284 1735 1339 adventu.
1781 1283 1982 1339 Eodem

412 1374 500 1428 die
530 1375 707 1429 natale
735 1386 932 1430 sanctm
980 1376 1296 1441 Anastasim,
1326 1391 1445 1444 quas
1490 1387 1728 1445 tempore
1780 1378 1987 1431 Diocle-

412 1462 539 1516 tiani
564 1464 731 1530 primo
759 1465 1093 1519 durissimum
1120 1475 1173 1520 et
1198 1464 1457 1519 immitem
1485 1468 1783 1520 custodiam
1811 1483 1838 1521 a
1868 1468 1982 1522 viro

411 1566 510 1606 suo
560 1552 743 1607 Publio
798 1568 1070 1622 perpessa,
1135 1554 1186 1607 in
1237 1568 1339 1623 qua
1372 1564 1605 1609 tamcna
1635 1556 1987 1626 Chrysogono

408 1643 709 1699 confessore
727 1644 920 1700 Christi
944 1648 1162 1699 multant
1187 1646 1458 1700 consolata
1483 1655 1538 1701 et
1560 1647 1855 1702 confortata
1880 1658 1981 1716 est,

406 1733 597 1789 deinde
624 1750 652 1787 a
684 1736 931 1803 praefecto
961 1736 1167 1806 Illyrico
1216 1737 1268 1791 in
1324 1737 1655 1806 gravissima,
1686 1749 1842 1809 atque
1871 1739 1986 1794 ditt-

407 1826 515 1878 tina
562 1828 801 1880 custodia
844 1838 1104 1882 macerata
1144 1838 1245 1895 est,
1302 1831 1353 1883 itt
1396 1845 1499 1899 qua
1545 1831 1754 1885 duobus
1787 1832 1985 1885 mensi-

2088 662 2189 702 ωε
2218 649 2268 701 in
2292 647 2598 703 cosmeterio
2633 647 2922 717 Aproniani
2960 649 3134 717 passio
3169 660 3367 704 sanctae
3398 651 3649 720 Ettgenim

2085 738 2325 806 virginis,
2378 754 2495 807 qua:
2543 748 2783 807 tempore
2843 737 3071 793 Gallieni
3126 740 3465 811 imperatoris
3531 752 3650 808 post

2084 830 2244 884 multa
2273 828 2497 896 insignia
2534 829 2806 894 virtutum,
2839 838 2892 883 et
2930 843 3112 885 sacros
3138 831 3400 899 virginum
3431 831 3648 896 choros,

2084 934 2214 987 quos
2242 917 2462 972 Christo
2489 919 2714 972 Domino
2742 928 3138 988 aggregaverat,
3168 921 3266 973 sub
3293 920 3518 992 Nycetio
3550 938 3641 974 ur-

2085 1010 2167 1064 bis
2196 1010 2440 1078 praefecto
2460 1011 2672 1080 alligato
2702 1024 2852 1075 saxo,
2881 1020 2934 1064 et
2956 1011 3280 1080 praecipitata
3310 1012 3360 1065 in
3385 1012 3641 1077 Tiberim,

2085 1098 2178 1151 sed
2221 1099 2385 1167 mergi
2414 1114 2515 1153 non
2566 1100 2754 1167 potuit.
2794 1100 2921 1154 lude
2950 1100 3169 1154 thermis
3213 1102 3392 1170 ignitis
3424 1101 3651 1167 inclusa,

2086 1191 2245 1245 illmsa
2290 1200 2493 1258 reperta
2527 1200 2626 1255 est,
2674 1193 2960 1246 novissime
3007 1194 3060 1247 in
3105 1193 3193 1247 die
3222 1195 3411 1248 natalis
3440 1194 3648 1248 Domini

2086 1282 2221 1335 sicut
2245 1281 2356 1348 ipse
2395 1281 2638 1335 Salvator
2667 1282 2714 1337 ei
2760 1292 2883 1337 ante
2929 1283 3202 1349 revelavit,
3234 1300 3330 1353 per
3360 1286 3651 1353 spiculata-

2087 1388 2197 1427 rem
2250 1372 2301 1426 in
2332 1374 2569 1427 custodia
2598 1373 2775 1441 gladio
2825 1373 3114 1444 jugulatur.
3173 1376 3235 1429 Et
3265 1379 3531 1433 sublatum
3566 1388 3651 1431 est

2086 1479 2276 1533 corpus
2331 1463 2494 1532 cjusa
2538 1464 2870 1525 Christianis.
2903 1476 2956 1521 et
2987 1467 3213 1533 positum
3252 1480 3355 1521 non
3397 1468 3553 1537 longe
3584 1468 3650 1521 ab

2088 1557 2219 1611 urbe
2241 1555 2322 1609 via
2364 1554 2568 1620 Latina,
2604 1556 2655 1610 itt
2687 1558 2885 1624 praedio
2912 1558 3027 1627 ejus
3076 1558 3312 1627 proprio,
3344 1558 3432 1613 ubi
3461 1561 3654 1614 multo-

2086 1666 2202 1707 rum
2229 1652 2341 1721 ipsa
2370 1651 2654 1720 sepelierat
2682 1651 2939 1705 membra.

2158 1744 2219 1799 C.
2257 1743 2343 1797 Vll
2366 1743 2605 1797 Kueso.
2637 1742 2758 1798 hs.
2789 1770 2857 1782 -—-
2884 1743 2937 1797 in
2971 1741 3166 1811 oppido
3200 1741 3654 1813 Jerosolymitano

2086 1832 2508 1903 Capltargamala
2539 1832 2714 1901 passio
2757 1832 2925 1887 sancti
2954 1832 3212 1903 Stephani
3246 1833 3656 1902 protomartyris

406 1915 507 1971 bus
533 1915 729 1973 refecta
755 1927 835 1973 est
879 1918 1181 1975 ccelestibus
1224 1920 1360 1975 escis
1409 1935 1503 1989 per
1531 1930 1764 1975 sanctam
1810 1921 1984 1975 'l‘heo-
2020 1916 2065 1975 Β
2091 1923 2311 1989 Christi,
2340 1925 2428 1993 qui
2471 1938 2574 1978 non
2627 1924 2794 1977 multo
2826 1932 2942 1993 post
2969 1925 3335 1978 ascensionem
3362 1923 3570 1977 Domini
3592 1924 3657 1976 ab

408 2007 616 2075 doram,
663 2025 781 2079 quae
834 2011 1147 2077 martyrium
1198 2010 1343 2078 prius
1395 2026 1552 2081 passa
1610 2021 1711 2067 est.
1782 2012 1982 2067 Deinde

404 2098 525 2151 navi
579 2100 822 2168 imposita
884 2116 1003 2155 cum
1058 2100 1301 2155 ducentis
1357 2103 1510 2170 viris,
1566 2112 1622 2158 et
1670 2103 1979 2173 quingentis

402 2186 628 2256 feminis,
658 2202 713 2244 ut
753 2191 1189 2261 demergerentur
1216 2192 1270 2246 in
1300 2207 1479 2259 mare;
1528 2195 1621 2250 sed
1664 2197 1865 2265 perlata
1898 2204 1981 2251 est

402 2279 465 2332 ad
496 2281 693 2333 insulas
749 2281 1059 2351 Palmarias,
1109 2285 1196 2338 ubi
1252 2301 1347 2355 per
1381 2300 1569 2341 manus
1606 2295 1660 2340 et
1692 2286 1850 2353 pedes
1881 2302 1977 2341 ex-

403 2380 569 2438 tensa,
596 2382 650 2426 et
674 2373 829 2443 ligata
860 2374 925 2428 ad
956 2376 1103 2443 palos
1135 2375 1289 2441 ﬁxos,
1329 2388 1382 2431 et
1407 2380 1549 2432 circa
1593 2379 1829 2433 medium
1864 2378 1978 2447 ejus

402 2464 537 2531 ignis
588 2478 865 2530 accensus,
894 2466 945 2519 in
989 2481 1095 2535 quo
1142 2470 1453 2538 martyrium
1482 2456 1977 2531 consummavitfet

394 2566 580 2606 omnes
622 2554 711 2620 qui
768 2568 889 2607 cum
956 2555 1043 2608 illa
1075 2566 1351 2623 venerant,
1384 2558 1544 2611 variis
1591 2558 1973 2613 interiectioni-

399 2642 499 2697 bus
528 2643 835 2714 martyrium
865 2645 1221 2700 celebrarunt.
1258 2647 1399 2702 Inter
1445 2663 1580 2716 quos
1624 2665 1809 2703 omnes
1836 2664 1973 2705 unus

397 2741 511 2785 erat
544 2734 989 2789 innocentissima:
1040 2744 1261 2801 naturze,
1320 2740 1535 2795 nomine
1585 2740 1969 2811 Eutychianus.

394 2821 493 2888 Qui
516 2822 739 2877 sublatis
765 2824 887 2890 sibi,
924 2840 1045 2881 cum
1077 2828 1231 2884 dives
1276 2841 1439 2897 esset,
1471 2834 1721 2888 omnibus
1745 2835 1967 2888 faculta-

398 2916 563 2981 tibus,
615 2919 778 2971 tacuit
823 2918 954 2974 nihil
982 2922 1239 2990 cogitans,
1289 2925 1527 2995 nihilque
1570 2934 1813 2981 metuens
1864 2924 1967 2978 nisi

396 3007 518 3071 hoc,
570 3024 638 3064 ne
687 3010 966 3069 facultates
993 3029 1055 3068 ac
1085 3016 1299 3071 divitias
1347 3017 1471 3071 ﬁdei
1514 3017 1787 3086 perderet.
1822 3017 1968 3085 Quo-

394 3099 698 3169 tiescunque
742 3100 932 3157 fuisset
981 3106 1210 3175 auditus,
1270 3106 1686 3176 quotiescunque
1734 3108 1966 3162 interro-

390 3200 562 3257 gatus,
584 3191 713 3245 nihil
743 3193 885 3247 aliud
908 3194 1116 3249 dicebat
1149 3215 1162 3249 :
1195 3196 1469 3252 Christum
1503 3200 1632 3253 mihi
1661 3214 1765 3254 non
1798 3198 1955 3262 tollit,

2085 2014 2348 2083 apostolis
2374 2014 2633 2068 diaconus
2658 2014 2931 2069 ordinatus
2955 2023 3053 2069 est.
3088 2014 3291 2069 Scribit
3330 2015 3515 2069 beatus
3543 2013 3654 2069 Lu-

2081 2118 2174 2159 cas
2217 2104 2540 2174 evangelista
2569 2103 2685 2173 ejus
2720 2106 3020 2174 passionem
3046 2106 3097 2159 in
3126 2106 3345 2160 Actibus
3369 2105 3639 2173 apostolo-

2081 2214 2220 2253 rum.
2257 2199 2459 2253 Eodem
2488 2198 2574 2253 die
2602 2202 2769 2253 sancti
2805 2200 3007 2268 lgnatii,
3038 2199 3153 2254 Rufi
3179 2210 3236 2255 et
3256 2199 3451 2254 Zosimi
3478 2214 3645 2269 papae,

2080 2293 2167 2361 qui
2194 2291 2332 2346 sedit
2367 2292 2553 2346 Romae
2583 2307 2780 2346 annum
2814 2308 2995 2346 unum.
3026 2292 3120 2348 ilic
3145 2292 3421 2349 constituit
3452 2302 3512 2347 ut
3535 2293 3647 2347 dia-

2079 2398 2245 2437 conus
2301 2383 2486 2437 lazvam
2520 2391 2721 2453 tegeret
2764 2382 2961 2451 palliis,
3004 2394 3055 2438 et
3087 2388 3337 2453 praecepit
3389 2393 3445 2437 ttt
3474 2383 3647 2437 nullus

2076 2473 2302 2527 clericus
2328 2474 2575 2540 poculum
2608 2474 2658 2526 in
2706 2472 2918 2539 publico
2959 2474 3288 2543 propinaret,
3323 2474 3423 2527 nisi
3449 2482 3649 2529 tantum

2078 2563 2128 2616 in
2159 2563 2305 2617 cellis
2357 2563 2594 2618 ﬁdelium
2647 2573 2702 2618 et
2732 2564 3071 2619 clericorum.
3121 2564 3194 2619 De
3226 2579 3451 2633 quorum
3484 2579 3653 2634 agone

2075 2651 2246 2717 felici,
2293 2663 2508 2707 sanctus
2560 2653 2886 2723 Polycarpus
2938 2654 2990 2708 in
3045 2655 3268 2723 epistola
3327 2654 3392 2707 ad
3456 2654 3649 2722 Philip-

2073 2757 2263 2812 penses
2315 2743 2521 2807 scribit,
2577 2743 2807 2798 dicens:
2845 2761 2865 2795 ι
2919 2744 3186 2812 Deprecor
3234 2753 3413 2797 autem
3464 2758 3650 2797 omnes

2071 2847 2167 2887 vos
2194 2834 2510 2889 obedientiae
2533 2834 2661 2889 dare
2677 2848 2915 2903 operam,
2950 2848 3015 2889 ac
3041 2832 3281 2889 meditari
3312 2827 3647 2902 patientiam,

2068 2940 2229 2996 quam
2260 2925 2463 2980 vidistis
2496 2926 2547 2980 in
2581 2925 2803 2994 lgnatio,
2850 2934 2906 2981 et
2944 2924 3099 2988 Rufo,
3128 2934 3183 2979 et
3218 2924 3434 2979 Zosimo
3467 2924 3640 2978 beatis

2067 3018 2220 3079 viris.
2251 3018 2478 3073 scientes
2507 3017 2645 3088 quod
2676 3017 2727 3072 hi
2760 3032 2864 3071 non
2894 3017 2955 3071 in
2975 3031 3219 3079 vacuum,
3243 3019 3335 3070 sed
3363 3032 3461 3083 per
3490 3016 3654 3069 fidem.

2065 3119 2114 3164 et
2157 3108 2421 3178 justitiam
2454 3118 2833 3172 cucurrerunt,
2862 3108 3032 3163 donec
3079 3106 3329 3162 venirent
3355 3106 3420 3159 ad
3473 3106 3647 3160 locum

2064 3201 2165 3255 sibi
2196 3216 2225 3253 a
2260 3199 2482 3254 Domino
2522 3207 2897 3267 praeparatum,
2956 3199 3207 3269 quoniam
3260 3197 3471 3266 quidem
3521 3211 3644 3265 pas-

390 3281 545 3336 etiam
585 3282 673 3353 qui
725 3295 886 3353 caput
935 3286 1235 3342 abstulerit.
1277 3288 1423 3344 Tunc
1475 3290 1753 3358 Apollonia
1800 3290 1957 3344 Chri-
1986 3262 2030 3324 (ἶ
2062 3292 2270 3346 sionum
2310 3289 2428 3359 ejus
2468 3262 2751 3357 participes
2804 3262 3149 3352 exstiterunt;
3202 3262 3299 3342 nec
3342 3262 3649 3342 dilexerunt

390 3372 559 3425 stiana
613 3382 854 3429 matrona
907 3376 1098 3431 tollens
1158 3392 1353 3447 corpus
1407 3379 1572 3434 beata:
1619 3379 1955 3446 Anastasiae,

390 3464 819 3532 exosculabatur,
846 3476 902 3521 et
927 3468 1254 3523 aromatibus
1282 3479 1337 3524 et
1379 3470 1771 3527 linteaminibus
1798 3487 1954 3526 mun-

390 3552 478 3609 dis
507 3554 818 3623 obvolvens,
850 3559 987 3613 intra
1012 3560 1320 3615 viritlarium
1352 3560 1542 3616 domus
1564 3577 1675 3617 sua:
1702 3562 1957 3617 fabricata

2063 3397 2298 3452 praesens
2340 3384 2613 3446 sacculum,
2668 3381 2760 3435 sed
2790 3381 3082 3442 Christum,
3137 3380 3224 3449 qui
3265 3394 3361 3444 pro
3410 3378 3536 3448 ipsis
3594 3387 3652 3433 et

2066 3488 2161 3543 pro
2214 3472 2461 3527 omnibus
2507 3484 2743 3527 mortuus
2792 3478 2902 3537 est,
2938 3480 2990 3525 et
3020 3470 3332 3525 resurrexit.
3365 3485 3385 3520 ι

1630 3676 1860 3732 EDlTlO
1899 3671 2163 3732 BOLLAN
2173 3668 2393 3723 DlANA.

392 3784 623 3851 potentia
654 3796 706 3839 et
737 3795 944 3855 tempus
988 3788 1274 3842 nativitatis
1316 3802 1425 3842 sua:
1472 3785 1736 3857 praevidit,
1764 3794 1818 3842 et
1843 3800 1952 3841 ma-

390 3884 523 3929 trem
560 3889 653 3942 per
683 3890 842 3945 quam
875 3887 1185 3932 nasceretur
1212 3878 1393 3947 elegit.

461 3965 527 4018 Et
555 3964 617 4020 S.
657 3973 684 4003 ι
733 3967 978 4036 Eugeniae
1010 3970 1245 4039 virginis.
1293 3970 1492 4025 Eodem
1537 3971 1623 4027 die
1669 3971 1845 4026 natale
1900 3970 1957 4026 S.

390 4057 717 4123 Anastasius;
770 4074 887 4127 quae
933 4069 1173 4129 tempore
1219 4062 1533 4119 Diocletiani
1568 4065 1739 4132 primo
1786 4062 1956 4117 diram

389 4156 444 4201 et
469 4148 725 4203 immitem
754 4150 1045 4205 custodiam
1095 4168 1123 4206 a
1172 4154 1286 4209 viro
1342 4169 1439 4209 suo
1484 4154 1672 4209 Publio
1704 4168 1958 4223 perpessa

389 4247 491 4303 est,
525 4240 578 4293 in
605 4255 705 4307 qua
734 4250 908 4295 tamen
937 4257 966 4294 a
997 4249 1021 4287 b
1051 4241 1398 4315 Chrysogono
1428 4245 1736 4300 confessore
1762 4242 1960 4299 Christi

390 4329 613 4383 multum
661 4330 935 4385 consolata
974 4342 1028 4387 et
1056 4335 1351 4389 confortata
1384 4345 1486 4390 est.
1534 4334 1740 4390 Deinde
1767 4350 1796 4388 a
1824 4349 1961 4403 pra:-

388 4418 525 4474 fecto
570 4420 753 4476 lllirici
796 4422 849 4475 in
877 4423 1188 4491 gravissima
1221 4441 1371 4495 aeque
1410 4435 1464 4481 et
1492 4426 1693 4481 diutina
1719 4426 1959 4481 custodia

384 4523 648 4568 macerata
677 4526 761 4571 est
801 4515 1103 4589 (Hucusque
1132 4519 1251 4587 A.),
1284 4519 1336 4572 in
1367 4533 1469 4588 qua
1506 4519 1716 4575 duobus
1749 4519 1955 4573 mensi-

2068 3786 2119 3838 in
2148 3797 2252 3853 quo
2282 3778 2593 3849 martyrium
2622 3773 3030 3837 consummavit,
3063 3781 3115 3827 et
3161 3786 3346 3828 omnes
3389 3772 3481 3842 qui
3520 3786 3641 3828 cum

2068 3880 2153 3935 illa
2184 3882 2440 3933 venerant
2470 3871 2625 3927 variis
2651 3868 3114 3925 interfectionibtts
3145 3867 3455 3938 martyrium
3483 3866 3637 3922 cele-

2066 3972 2303 4027 brarunt.

2139 4060 2325 4114 Florus
2353 4059 2403 4111 in
2447 4056 2513 4111 A.
2555 4055 2617 4108 Τ.
2648 4052 2706 4107 L.
2743 4053 3033 4122 praeposuit
3067 4069 3079 4103 :
3112 4051 3168 4105 ln
3197 4050 3410 4107 Sirmio.

2138 4152 2225 4217 B.,
2256 4146 2774 4214 Constantitmpolim
2798 4144 2854 4199 S.
2888 4142 3172 4198 Anastasii.

2138 4240 2227 4294 26.
2260 4238 2444 4292 -—Vll
2495 4237 2629 4293 ΚΑι..
2662 4235 2850 4291 Natale
2905 4234 2963 4290 S.
3028 4233 3285 4302 Stephani
3350 4243 3642 4307 protomar-

2071 4334 2224 4390 tvris.

2093 4350 2329 4479 yli‘i‘slorus
2370 4424 2423 4476 in
2474 4422 2539 4475 A.
2590 4420 2654 4473 Τ.
2701 4418 2805 4475 L.:
2859 4416 2914 4471 In
2972 4417 3166 4485 Opptdo
3196 4415 3641 4491 Jerosolymitano

2065 4516 2186 4570 villa
2214 4510 2637 4583 Caphargamala
2667 4509 2843 4579 passio
2886 4508 2946 4564 S.
2980 4507 3258 4577 Stephani,
3301 4511 3388 4577 qui
3417 4509 3484 4563 ab
3507 4524 3639 4577 apo~

383 4605 482 4659 bus
512 4606 707 4662 refecta
737 4620 817 4663 est
857 4611 1168 4665 caelestibus
1196 4612 1339 4665 escis
1389 4626 1482 4678 per
1516 4611 1574 4667 s.
1618 4612 1952 4678 Theodoten,
1989 4628 2039 4689 υ
2061 4606 2211 4660 stolis
2236 4603 2395 4660 levita
2436 4602 2730 4663 ordinatus,
2761 4598 2829 4653 ob
2865 4600 3224 4653 testimonium
3256 4597 3454 4651 Christi
3490 4599 3627 4667 lapi-

382 4709 500 4764 qute
539 4697 682 4766 prius
714 4700 1019 4768 martyrium
1051 4715 1207 4769 passa
1246 4712 1350 4756 est.
1386 4701 1587 4757 Deinde
1618 4705 1738 4756 navi
1782 4702 1953 4772 impo-

381 4782 480 4837 sita
509 4798 628 4839 cum
668 4786 913 4842 ducentis
946 4789 1073 4844 viris
1122 4797 1180 4844 et
1228 4791 1578 4860 septingentis
1632 4789 1864 4855 feminis,
1899 4798 1955 4844 ut

380 4875 777 4945 detnergeretur
817 4880 872 4935 in
900 4882 1053 4946 mari,
1088 4884 1285 4950 perlata
1325 4892 1403 4938 est
1453 4883 1520 4937 ad
1572 4883 1772 4938 insulas
1824 4882 1953 4937 Pal-

380 4966 596 5031 marias,
623 4971 710 5023 ubi
738 4986 832 5039 per
852 4986 1041 5027 manus
1067 4982 1120 5027 et
1144 4973 1306 5043 pedes
1331 4982 1550 5029 extensa
1574 4984 1678 5043 est,
1705 4974 1861 5043 ligata
1883 4973 1951 5028 ad

380 5055 530 5122 palos
558 5056 719 5127 ﬁxos,
746 5069 801 5116 et
826 5064 965 5117 circa
996 5063 1230 5131 medium
1252 5063 1371 5134 ejus
1398 5064 1533 5134 ignis
1564 5079 1820 5122 accensus
1848 5073 1953 5127 est,

2063 4699 2311 4754 dantibus
2335 4696 2534 4752 Judais
2584 4695 2788 4764 primus
2842 4700 2959 4760 post
3011 4690 3376 4745 ascensionem
3425 4691 3635 4745 Domini

2065 4790 2317 4859 martyrio
2339 4792 2736 4841 consummatus
2762 4791 2845 4838 est
2882 4780 3184 4852 (fluensque
3208 4780 3322 4850 A.).
3352 4780 3446 4836 Hic
3472 4781 3638 4836 caelos

2065 4882 2197 4935 vidit
2234 4887 2448 4949 apertos
2492 4884 2547 4932 et
2594 4874 2774 4929 Jesum
2822 4882 3051 4928 stantem
3098 4886 3130 4925 a
3179 4872 3379 4927 dextris
3425 4870 3639 4926 virtutis

2066 4975 2195 5040 Dei;
2222 4973 2304 5029 cui
2329 4972 2575 5041 spiritum
2615 4967 3019 5033 commendans,
3054 4973 3108 5021 et
3144 4981 3241 5035 pro
3284 4972 3635 5035 persecutori-

2066 5066 2166 5121 bus
2187 5079 2436 5131 exorans,
2464 5063 2635 5117 imbre
2664 5060 2896 5132 lapidum
2920 5058 3161 5129 perfusus
3182 5058 3520 5115 obdormivit.

1756 5175 1963 5231 SMITH
2002 5176 2231 5232 NOTAE.

454 5281 480 5310 ⁸
520 5280 786 5354 Eugeuiw.
841 5282 992 5354 Filia:
1041 5282 1268 5353 Philippi
1326 5284 1563 5354 praefecti
1608 5285 1947 5339 Alexandrini

382 5361 624 5423 tempore
667 5353 893 5407 Gallieni
939 5354 1295 5420 imperatoris,
1325 5353 1444 5423 qua:
1487 5369 1767 5410 assumens
1800 5355 1952 5409 habi-

380 5430 491 5496 tum
519 5422 727 5496 virilem
750 5437 868 5476 cum
899 5424 1060 5496 sociis
1099 5423 1256 5478 Prato
1280 5422 1657 5496 etiHyacintho
1684 5436 1951 5496 monaste-

381 5492 521 5563 rium
552 5493 793 5562 ingressa
820 5502 921 5563 est,
949 5494 1098 5561 cujus
1128 5504 1308 5563 postea
1332 5492 1469 5548 facta
1497 5505 1578 5549 est
1600 5496 1784 5550 abbas.
1821 5494 1946 5549 Past

380 5561 822 5633 plurima’autctn
869 5562 1087 5633 insignia
1119 5561 1221 5619 Sub
1267 5564 1473 5618 Nicetio
1516 5566 1661 5620 uritis
1695 5566 1944 5632 praefecto

379 5629 469 5705 diu
495 5632 801 5705 agonizans,
845 5629 1133 5705 noviSsitne
1174 5635 1352 5703 gladio
1395 5634 1628 5703 jugulala
1678 5629 1778 5705 est.
1814 5634 1945 5705 Ejus

377 5704 509 5756 Acta
538 5702 799 5773 descripta
828 5716 856 5753 a
902 5702 1261 5771 Metapltraste
1301 5702 1511 5759 exstant
1538 5705 1674 5773 apud
1701 5702 1941 5769 Surium,

382 5781 512 5826 tom.
542 5770 627 5827 Vl.
662 5770 869 5827 Habent
920 5770 1093 5831 tamen
1147 5772 1320 5843 aliqua
1370 5790 1487 5845 qua:
1535 5770 1757 5831 censura
1809 5776 1946 5830 iudi-

2046 5494 2533 5549 Alexandrinorum

2059 5297 2240 5356 geant,
2272 5284 2434 5356 veluti
2476 5283 2625 5356 quod
2665 5282 2735 5337 ibi
2780 5282 2971 5349 legitur
3012 5282 3080 5356 de
3110 5281 3350 5356 Philippo
3381 5282 3633 5356 Eugeniae

2061 5350 2233 5424 patre,
2281 5354 2437 5416 facto,
2474 5350 2531 5407 ut
2581 5353 2655 5406 ait
2698 5362 2905 5416 auctor,
2940 5352 3192 5424 episcopo
3243 5350 3631 5424 Alexandrino,

2059 5422 2197 5494 quod
2232 5425 2387 5491 plane
2432 5432 2793 5494 commentum
2836 5436 2960 5494 esse
3009 5422 3225 5494 Tabula:
3254 5422 3627 5494 episcoporum

2570 5507 2689 5562 quae
2738 5493 2807 5545 ab
2866 5491 3096 5562 Eusebio
3152 5491 3202 5544 in
3250 5489 3454 5545 Chron.
3493 5502 3546 5546 et
3578 5494 3628 5544 in

2050 5566 2183 5620 Hist.
2212 5561 2605 5626 describuntur,
2636 5563 2911 5617 manifeste
2937 5561 3229 5617 declarant.

2117 5638 2143 5677 δ
2186 5634 2663 5706 Chrysogono:_[)_e
2710 5632 2927 5706 hoc‘qui
2974 5630 3303 5686 Anastasiam
3350 5630 3419 5685 ad
3462 5629 3619 5686 ﬁdem

2047 5701 2331 5771 convertit,
2368 5701 2487 5760 vide
2506 5701 2578 5758 2‘
2605 5702 2863 5759 Novemb.
