4054 6190
425 356 564 413 Ηίῶ

1146 360 1344 415 ΒΕυίΕ
1393 361 1835 417 \‘ENEHABILIS
1873 365 2017 418 Ol‘P.
2061 366 2231 419 PARS
2270 364 2356 418 ιν.
2398 395 2465 404 -
2504 365 2881 421 HISTOHICA.

3532 376 3665 427 HH

1658 474 1883 531 ElllTlO
1922 476 2391 533 COLONIENSIS.

490 562 552 616 D.
597 562 660 617 Vl
692 562 823 616 ΚΑι..
852 563 971 619 Jan.
1004 594 1072 605 —
1099 564 1283 619 Natale
1315 565 1450 618 lteati
1491 564 1708 618 Joannis
1749 582 1981 637 evange-
2010 581 2054 633 Α
2086 583 2253 623 annos
2300 584 2425 634 sex;
2473 571 2714 638 sepultus
2746 570 2827 622 via
2874 572 3062 637 Appia,
3112 572 3164 625 in
3213 574 3523 628 cmmeterio
3546 576 3667 630 Cal-

418 652 574 719 listze,
617 669 773 723 quem
808 654 1059 709 Dominus
1103 655 1254 710 Jesus
1292 657 1495 709 amavit
1526 657 1847 724 plurimum;
1890 660 1977 727 qui

418 746 703 799 secundam
762 757 878 814 post
910 746 1198 827 'Neroncm
1260 750 1680 816 persecutionem
1734 761 1978 803 movente

418 834 739 901 Domitiano,
774 849 1112 906 pesteaquatn
1136 839 1187 892 in
1210 839 1330 893 oleo
1358 839 1525 907 ignito
1546 840 1824 893 demersus
1850 842 1981 896 nihil

416 939 601 990 passus
625 936 727 991 est,
755 928 805 980 in
831 928 1109 981 Pathmum
1136 928 1357 982 insulam
1386 930 1651 995 relegatus
1680 930 1808 984 vidit
1836 930 1984 1000 Apo-

416 1016 695 1087 calypsim.
738 1017 1019 1073 Interfecto
1046 1028 1226 1073 autem
1270 1019 1595 1085 Domitiano,
1626 1030 1680 1076 et
1704 1023 1836 1076 actis
1865 1024 1979 1090 ejus

414 1107 485 1161 ob
516 1108 731 1162 nimiam
760 1110 1128 1165 crudelitatem
1156 1112 1395 1165 rescissis
1425 1128 1453 1165 a
1482 1122 1687 1177 senatu,
1718 1114 1818 1167 sub
1851 1114 1983 1168 Per-

409 1195 587 1251 tinace
615 1198 853 1268 principe
885 1200 1041 1254 rediit
1073 1200 1338 1268 Ephesum
1368 1217 1380 1252 :
1421 1213 1473 1255 et
1503 1200 1621 1269 quia
1662 1217 1977 1257 concussam

411 1301 473 1341 se
502 1287 723 1343 absente
753 1303 843 1357 per
874 1290 1157 1343 haereticos
1189 1289 1315 1342 vidit
1346 1290 1596 1345 Ecclesiae
1622 1292 1775 1345 fidem
1799 1336 1812 1358 ,
1848 1308 1977 1346 con-

410 1377 585 1431 festim
615 1378 750 1433 hanc
781 1378 1101 1447 descriptam
1134 1380 1184 1432 in
1220 1378 1512 1447 Evangelio
1557 1394 1654 1433 suo
1688 1380 1851 1434 Verbi
1882 1383 1977 1435 Dei

408 1470 760 1523 aeternitatem
809 1468 1087 1523 stabilivit.
1148 1469 1381 1539 Rogatus
1412 1470 1670 1538 siquidem
1720 1472 1787 1525 ab
1837 1472 1978 1526 Asia:

408 1557 671 1626 episcopis
715 1558 970 1613 adversus
1011 1559 1345 1624 Cet-inlitum,
1397 1560 1633 1628 aliosque
1678 1561 1977 1628 haereticos,

408 1656 462 1699 ct
491 1648 721 1702 maxime
750 1658 930 1701 contra
968 1649 1333 1703 Ebionitarmn
1358 1658 1482 1703 tunc
1511 1652 1700 1719 dogma
1730 1666 1977 1721 surgens,

409 1738 499 1806 qui
528 1748 773 1792 asserunt
798 1738 1067 1793 Christum
1100 1748 1222 1792 ante
1249 1738 1465 1793 Mariam
1499 1756 1602 1794 non
1633 1742 1813 1806 fuisse,
1842 1743 1981 1796 unde

413 1831 722 1898 compulsus
749 1841 829 1885 est
858 1830 1123 1885 scribendi
1147 1830 1417 1899 Evangelii
1444 1842 1680 1887 sanctum
1713 1848 1847 1902 opus
1869 1849 1988 1887 sus-

2083 659 2208 712 listi.
2264 659 2359 711 llic
2401 660 2663 714 Eeclesias
2718 661 3041 727 presbyteris
3071 662 3237 727 dedit,
3289 674 3342 717 et
3384 668 3671 728 parochias

2080 748 2326 807 diecesis
2353 749 2520 814 dedit,
2552 762 2711 819 atque
2733 752 3031 805 constituit.
3074 752 3141 806 Et
3170 754 3507 821 episcopatus
3532 771 3660 809 san-

2081 842 2150 897 eti
2181 842 2356 897 Jacobi
2398 841 2578 897 fratris
2633 843 2856 905 Domini,
2907 845 2995 913 qui
3044 844 3111 897 ab
3152 846 3411 915 apostolis
3462 848 3670 916 primus

2084 947 2150 987 ex
2184 934 2380 986 Judaais
2408 944 2488 988 est
2516 933 2792 987 ordinatus
2828 936 3195 1005 Jerosolymis.

2159 1023 2217 1075 Ε.
2262 1022 2299 1073 V
2332 1022 2464 1077 KAL.
2496 1023 2619 1077 Jan.
2669 1052 2737 1063 —
2769 1024 3077 1077 Betlilehem
3106 1024 3303 1079 Judazaz
3328 1027 3503 1081 natale
3530 1042 3661 1081 san-

2084 1122 2287 1168 ctorum
2314 1105 2686 1179 Innocentum,
2713 1130 2846 1183 quos
2877 1114 3113 1169 Herodes
3136 1130 3255 1170 cum
3276 1117 3473 1171 Christi
3518 1121 3660 1171 nati-

2084 1204 2300 1257 vitatem
2360 1219 2633 1272 magorum
2697 1206 2893 1258 indicio
2940 1208 3321 1275 cognovisset,
3382 1210 3657 1262 tricesimo

2083 1295 2267 1362 quinto
2293 1310 2433 1348 anno
2473 1296 2616 1363 regni
2645 1296 2722 1349 sui
2752 1298 2977 1351 interfici
3018 1297 3197 1365 jussit,
3236 1298 3327 1368 qui
3376 1313 3516 1352 anno
3562 1300 3660 1353 tri-

2084 1387 2282 1439 cesimo
2328 1393 2479 1439 sexto
2524 1385 2709 1438 morbo
2760 1386 3032 1439 intercutis
3069 1400 3254 1453 aquze,
3299 1397 3353 1440 et
3402 1391 3660 1441 scatenti-

2087 1480 2183 1533 bus
2228 1490 2340 1532 toto
2385 1496 2608 1548 corpore
2640 1482 2907 1535 vermibus
2933 1524 2946 1547 ,
2990 1482 3363 1536 miserabiliter
3389 1494 3442 1538 et
3481 1486 3645 1553 digne

2087 1580 2346 1624 tnttrluus.

2156 1658 2215 1711 F.
2245 1658 2305 1711 VI
2345 1658 2475 1713 Kac.
2509 1660 2629 1714 Jan.
2652 1691 2721 1699 —
2750 1659 2909 1713 David
2944 1660 3100 1729 regis.
3136 1662 3261 1714 Item
3296 1662 3430 1729 apud
3462 1662 3659 1715 Arela-

2088 1759 2174 1803 ten
2207 1752 2381 1805 natale
2427 1754 2599 1807 sancti
2630 1752 2902 1818 Tr0pliimi
2944 1754 3181 1819 episcopi
3228 1763 3281 1806 et
3310 1754 3659 1817 confessoris,

2087 1842 2329 1907 discipuli
2375 1844 2735 1909 apostolorum
2796 1844 2938 1897 Petri
2982 1854 3036 1897 et
3089 1844 3254 1896 Pauli.
3313 1844 3512 1897 Eodem
3570 1844 3662 1897 die

409 1924 611 1991 cipere.
661 1923 777 1992 ipse
805 1934 981 1978 autem
1017 1940 1184 1993 usque
1214 1925 1279 1979 ad
1306 1926 1521 1993 Trajani
1558 1928 1811 1995 principis
1841 1936 1972 1981 lem-
2002 1924 2049 1984 Β
2076 1933 2241 1984 sancti
2269 1931 2562 1987 Crescentii
2593 1934 2827 2002 apostoli
2864 1934 3013 1987 Pauli
3042 1934 3655 2001 discipuli,Viennensis

408 2030 539 2084 pora
563 2031 930 2086 perseverans,
960 2024 1096 2071 totas
1128 2018 1266 2072 Asiae
1298 2016 1538 2071 fundavit
1594 2020 1841 2088 rexitque
1872 2020 1984 2073 Ec-

407 2109 621 2175 clesias,
656 2118 709 2165 et
757 2110 1029 2163 confectus
1057 2110 1207 2165 senio
1239 2110 1571 2179 sexagesimo
1621 2121 1810 2165 octavo
1854 2122 1977 2181 post

411 2201 714 2269 passionem
742 2200 953 2255 Domini
985 2202 1166 2265 anno‘,
1197 2202 1368 2255 relatis
1399 2213 1578 2255 autem
1610 2216 1718 2257 suae
1752 2216 1985 2271 nonage-

406 2292 543 2345 simo
572 2308 709 2346 nono
740 2301 1001 2358 ntortuus,
1041 2294 1186 2360 juxta
1218 2293 1458 2347 eamdem
1486 2295 1667 2348 urbem
1692 2303 1775 2347 est
1804 2292 1979 2361 sepul-

405 2391 507 2436 tus.
542 2380 725 2437 Roma:
758 2384 990 2454 Dionysii
1024 2398 1174 2453 papae
1199 2423 1215 2449 ,
1262 2384 1348 2452 qui
1380 2383 1521 2438 sedit
1575 2383 1627 2437 in
1673 2384 1983 2452 episcopatu

2092 2022 2344 2077 Ecclesia:
2392 2024 2545 2091 primi
2577 2023 2835 2078 doctoris.
2891 2025 2946 2077 In
2997 2024 3171 2078 Africa
3213 2025 3387 2077 natale
3420 2025 3654 2089 Domini,

2090 2114 2337 2177 Victoris,
2374 2114 2650 2176 Primiani,
2685 2113 2879 2184 [.yhosi
2908 2114 3165 2182 cpiscOpi.
3220 2114 3400 2167 ltotnm
3432 2113 3661 2181 Callisti,

2094 2206 2288 2260 Felicis
2318 2216 2369 2259 et
2399 2206 2656 2259 Bonifacii
2709 2206 2944 2275 episc0pi
2991 2208 3044 2258 in
3076 2207 3386 2261 cmmeterio
3431 2206 3660 2259 Callisti.

2095 2295 2294 2349 Eodem
2321 2296 2406 2350 die
2447 2296 2615 2349 sancti
2648 2296 2865 2349 Thema:
2904 2296 3291 2365 archiepiscoiii
3317 2306 3371 2350 et
3402 2296 3659 2367 martyris

2091 2387 2513 2441 Cautuariensis.

1665 2498 1891 2552 EDlTlO
1932 2500 2435 2556 DOLLANDIANA.

479 2598 537 2649 Β.
569 2596 626 2647 C.
660 2593 745 2655 V.,
774 2594 956 2647 Romae
1002 2594 1075 2664 S.
1108 2599 1132 2627 ³
1167 2592 1417 2664 Dionysii
1460 2594 1716 2664 episcopi.
1749 2594 1837 2655 Τ..
1884 2596 1986 2647 Eo-

407 2666 530 2720 dem
582 2665 668 2716 die
720 2665 900 2717 linum:
944 2663 1116 2729 passio
1158 2662 1215 2717 S.
1253 2664 1280 2702 δ
1319 2662 1527 2717 Marini.
1573 2663 1657 2728 B.,
1690 2664 1985 2719 Antiochiae

403 2732 599 2790 Iuliani
626 2745 677 2787 et
701 2734 976 2786 Marciani.

473 2824 566 2879 27.
616 2854 683 2867 -
736 2823 800 2879 Vl
851 2824 984 2877 KAL.
1032 2822 1231 2877 Natalis
1280 2823 1339 2879 8.
1394 2823 1613 2877 Joannis
1661 2824 1884 2893 apostoli
1935 2834 1987 2879 et

407 2913 766 2984 evangelistte,
797 2912 978 2967 dilecti
1011 2912 1239 2966 Domini.

477 3006 670 3061 Florus
720 3005 772 3060 in
821 3006 888 3060 A.
932 3005 997 3059 Τ.
1048 3004 1108 3058 1..
1158 3004 1431 3072 prmniittit
1481 3020 1495 3057 :
1548 3002 1605 3058 In
1654 3003 1885 3072 Epheso,
1933 3013 1986 3059 et

407 3097 598 3153 deinde
626 3097 899 3166 subiungit
926 3114 938 3148 :
967 3097 1135 3163 Quem
1164 3095 1422 3151 Dominus
1468 3112 1571 3150 non
1615 3111 1726 3166 pra:
1774 3098 1981 3152 caeteris

404 3191 600 3255 solum,
634 3188 729 3242 sed
760 3198 813 3243 et
844 3204 953 3257 pra:
984 3187 1193 3243 caeteris
1221 3188 1531 3241 familiarius
1572 3204 1732 3242 unum
1775 3188 1977 3243 dilexit.

407 3283 503 3336 llic
531 3296 689 3349 supra
721 3290 905 3350 pectus
935 3280 1145 3334 Domini
1190 3281 1241 3334 in
1271 3295 1422 3335 corna
1454 3282 1725 3345 recubuit;
1754 3280 1837 3335 cui
1883 3296 1979 3348 po-

403 3382 520 3428 stea
551 3373 753 3426 levatus
793 3371 848 3425 in
878 3386 1036 3426 cruce
1065 3381 1286 3425 matrem
1324 3370 1591 3441 Virginem
1619 3371 1807 3441 virgini
1835 3385 1979 3424 com-

408 3464 695 3520 mendavit.
729 3464 1027 3534 (ﬂuensque
1068 3463 1156 3531 A.)
1182 3463 1277 3517 Hic
1315 3463 1453 3517 inter
1482 3472 1706 3532 quatuor
1735 3463 1978 3519 animalia

409 3558 598 3628 aquin
629 3566 989 3627 comparatus,
1017 3556 1083 3611 de
1115 3555 1389 3610 divinitate
1415 3555 1605 3610 Christi
1635 3565 1686 3609 et
1714 3556 1977 3625 limpidius

408 3663 516 3715 prae
545 3647 747 3703 cunctis
774 3648 1071 3714 conspexit,
1099 3654 1153 3701 et
1180 3644 1235 3700 in
1268 3646 1537 3715 Evangelii
1582 3647 1662 3700 sui
1709 3648 1979 3715 principiis

401 3739 683 3793 scribendo
713 3737 1052 3792 contradidit.

475 3831 539 3885 Τ.
574 3830 631 3883 ι..
665 3831 748 3893 Β.,
782 3831 977 3883 Eodem
1029 3830 1115 3883 die
1148 3840 1168 3868 ο
1203 3830 1466 3883 ordinatio
1518 3830 1873 3896 episcopatus.
1922 3829 1975 3883 S.

403 3902 608 3967 Jacobi,
647 3902 823 3954 fratris
874 3900 1098 3963 Domini,
1145 3898 1231 3967 qui
1271 3898 1338 3952 ab
1379 3900 1631 3968 apostolis
1662 3901 1862 3968 primus
1909 3916 1971 3954 ex

2091 2597 2286 2652 JlJtiIBiS
2330 2599 2656 2667 Jerosolyma
2701 2607 2782 2651 est
2829 2598 3099 2653 ordinatus
3144 2600 3440 2667 cpiscopus.
3476 2602 3556 2665 8.,
3591 2603 3659 2657 Et

2093 2668 2268 2720 medio
2321 2669 2518 2721 Pascha
2568 2668 2821 2738 martyrio
2848 2680 3151 2723 coronatus.
3186 2671 3245 2722 γ.
3276 2671 3358 2734 C.,
3390 2673 3449 2723 Et
3482 2672 3538 2726 S.
3572 2674 3663 2725 Ja-

2091 2739 2207 2791 cobi
2242 2738 2415 2791 fratris
2445 2739 2670 2791 Domini.

2162 2826 2254 2881 9.8.
2285 2856 2354 2866 —-
2384 2828 2420 2881 ν
2453 2827 2586 2881 ΚΜ..
2617 2828 2812 2882 Natalis
2842 2838 3148 2884 sanctorum
3185 2844 3465 2901 martyrum
3493 2832 3659 2884 limo.

2086 2918 2341 2970 centium.

2159 3010 2347 3064 Florus
2375 3010 2426 3064 in
2457 3011 2521 3064 A.
2552 3011 2611 3063 Τ.
2644 3010 2703 3064 L.
2738 3012 2880 3064 addit
2919 3030 2931 3063 :
2965 3010 3061 3077 Qui
3106 3011 3462 3065 testimonium
3501 3010 3658 3064 Chri-

2089 3110 2171 3155 sto
2199 3115 2302 3154 non
2332 3101 2598 3169 loquendo
2625 3102 2713 3156 sed
2749 3102 3023 3155 moriendo
3052 3104 3409 3171 perbibentes,
3440 3104 3666 3161 Herodis

2088 3188 2355 3257 impietate
2383 3189 2519 3243 felici
2552 3205 2679 3243 nece
2704 3190 3002 3258 consumpti
3026 3199 3167 3245 sunt.

2088 3349 2127 3405 Ο
2158 3280 2249 3403 γι..
2278 3282 2463 3362 Natale
2492 3280 2515 3317 ά
2552 3282 2755 3352 Eutycii
2784 3282 3097 3351 presbyteri,
3123 3282 3404 3335 Dontitiani
3425 3282 3660 3349 diaconi,

2132 3366 2188 3405 as
2217 3366 2336 3404 orn.

2132 3366 2336 3405 aSIOI‘Il.

2154 3460 2243 3515 9.9.
2278 3491 2346 3501 —
2373 3460 2435 3513 lV
2467 3460 2600 3515 Κλι..
2638 3460 2799 3515 Vacat
2824 3459 2999 3515 Bmda.

2158 3552 2241 3613 D.,
2293 3550 2454 3604 David
2500 3552 2660 3617 regis.
2707 3550 2856 3617 Apud
2904 3550 3169 3603 Arelatem
3214 3550 3273 3603 S.
3324 3556 3345 3581 "
3380 3550 3657 3616 Trophimi

2087 3622 2323 3690 episcopi
2353 3635 2398 3673 et
2434 3620 2778 3690 confe-soris,
2816 3620 3060 3685 discipuli
3107 3622 3463 3690 apostolorum
3516 3622 3657 3674 Petri

2085 3689 2138 3745 et
2166 3692 2327 3743 Pauli.
2368 3691 2427 3742 γ.
2457 3692 2540 3752 (2.,
2576 3691 2629 3742 ln
2659 3689 2831 3742 Africa
2880 3690 3190 3753 t1re~ceutii,
3246 3689 3521 3749 Primiani,
3561 3693 3657 3744 Se-

2086 3762 2264 3823 cundi,
2309 3760 2600 3823 Saturnini,
2650 3758 2920 3812 Honorati.
2953 3758 3131 3811 Itonia:
3178 3756 3364 3811 Felicis
3405 3770 3459 3811 et
3501 3760 3658 3812 Boui-

2089 3832 2204 3883 facii
2255 3831 2509 3896 episcopi,
2557 3830 2644 3898 qni
2696 3829 2909 3879 ultimus
2933 3828 3091 3879 etiam
3117 3836 3200 3898 est
3228 3828 3395 3893 primo
3438 3830 3553 3880 loco
3604 3832 3655 3883 in

2088 3903 2155 3954 A.
2186 3900 2251 3953 Τ.
2296 3901 2354 3953 L.
2394 3900 2447 3953 lit
2480 3901 2653 3953 Africa
2700 3898 2796 3953 SS.
2832 3898 3064 3958 Domitii,
3114 3897 3331 3960 Victuri,
3382 3897 3656 3964 Primiani,

1789 4011 1995 4066 SMITH
2036 4011 2264 4067 NOT/E.

481 4106 507 4133 ⁸
538 4102 791 4173 Dionysii.
846 4102 942 4173 llic
964 4100 1127 4173 juxta
1155 4100 1458 4173 Clironicon
1497 4102 1703 4173 Damasi
1737 4101 1969 4173 pontifex

397 4172 568 4228 factus
614 4169 694 4227 est
737 4187 875 4226 anno
920 4171 1048 4235 “259,
1100 4172 1348 4239 insignito
1395 4169 1681 4225 AEmiIiano
1719 4181 1771 4225 et
1814 4172 1973 4225 [lasso

396 4243 725 4308 consulibus,
756 4253 809 4297 et
855 4242 1118 4296 hominem
1159 4241 1301 4294 exuit
1332 4255 1468 4294 anno
1496 4239 1623 4303 269,
1670 4240 1874 4294 Claudii
1921 4252 1977 4297 ct

400 4313 611 4367 l‘aterni
641 4313 917 4368 consulatu
949 4322 1147 4366 notato.
1181 4312 1405 4375 Quidam
1446 4311 1511 4365 de
1556 4311 1657 4365 hoc
1686 4322 1845 4379 agunt
1880 4328 1971 4378 po-

398 4384 628 4449 stridie;
676 4383 771 4438 sed
823 4382 1033 4450 quando
1086 4382 1371 4447 scriptores
1422 4381 1474 4433 in
1531 4389 1701 4434 morte
1753 4382 1974 4450 alicujus

400 4454 664 4520 pontificis
695 4468 800 4505 uno
832 4454 1003 4505 solum
1048 4450 1136 4505 die
1176 4451 1313 4520 inter
1338 4465 1396 4503 se
1435 4450 1712 4509 dissident.
1748 4452 1883 4503 alter
1910 4452 1975 4504 de

398 4518 485 4578 die
512 4524 751 4584 obiuiali,
781 4522 916 4575 alter
944 4521 1010 4574 de
1037 4522 1122 4574 d:e
1151 4518 1435 4587 sepultura:
1466 4531 1547 4573 est
1580 4521 1972 4588 intelligendus.

399 4593 453 4645 ln
490 4594 863 4663 Martyrulogio
892 4590 1304 4663 Hieronymiano
1333 4589 1573 4663 addiein
1610 4589 1671 4641 l4
1702 4591 1973 4663 Septemb.

399 4664 594 4730 legitur
626 4660 658 4717 ἐ
718 4682 736 4716 t
773 4660 1043 4730 Depositio
1088 4660 1145 4715 8.
1205 4660 1439 4729 Dionysii
1485 4660 1739 4727 episcopi.
1796 4680 1814 4712 ι
1870 4662 1974 4715 Sed

397 4742 609 4786 constat
637 4735 721 4787 hic
752 4750 855 4787 non
880 4732 1017 4785 diem
1048 4730 1417 4793 emortualem,
1451 4732 1541 4784 sed
1577 4730 1972 4784 translationem

400 4804 481 4855 vel
512 4802 865 4858 elevationem
894 4802 1179 4868 quamdam
1213 4801 1404 4854 notari.

468 4873 496 4913 δ
549 4871 759 4927 Marini.
812 4870 1026 4925 Ordinis
1071 4871 1343 4934 senatorii,
1380 4869 1470 4937 qui
1520 4869 1618 4922 sub
1656 4869 1975 4925 Numeriano

396 4943 740 5009 imperatore,
764 4952 819 4997 et
845 4942 1106 4996 Marciano
1130 4940 1399 5008 praefecto,
1423 4938 1735 4993 Christiana:
1765 4941 1975 5007 religio-

395 5014 481 5066 nis
510 5026 667 5066 causa
698 5012 1139 5081 comprehensus,
1182 5010 1407 5081 equnleo
1451 5019 1504 5062 et
1551 5011 1759 5078 ungulis
1797 5010 1972 5063 servili

400 5097 550 5137 more
581 5079 899 5151 punitus,in
936 5083 1254 5151 sartaginom
1303 5079 1494 5151 deinde
1540 5081 1831 5147 conjeettts,
1881 5081 1975 5134 sed

400 5154 520 5221 igne
551 5149 602 5206 iii
636 5169 809 5207 rorem
843 5149 1106 5206 converso
1139 5152 1410 5221 liberatus,
1446 5149 1568 5202 feris
1604 5165 1816 5221 quoque
1842 5165 1971 5203 con-

397 5222 590 5291 jectus,
622 5233 675 5277 et
705 5222 771 5277 ab
817 5224 918 5276 illis
947 5231 1188 5275 servatus
1233 5220 1450 5291 illaesos,
1495 5220 1704 5291 tandem
1734 5221 1797 5291 ad
1828 5234 1971 5272 aram

394 5290 583 5348 iterum
612 5292 819 5351 ductus,
852 5293 976 5345 dum
1023 5291 1156 5343 idola
1187 5290 1427 5342 orationi:
1457 5290 1573 5355 ejus
1618 5290 1965 5353 corruissent,

402 5379 683 5433 percussus
725 5362 900 5433 gladio
946 5360 1257 5431 martyrium
1309 5362 1531 5427 adeptus
1578 5370 1676 5413 est.
1713 5359 1874 5412 Perit.
1910 5376 1973 5413 os

394 5432 599 5488 ΝΛτΑι..

470 5508 490 5535 ε
527 5504 819 5557 Ordinatio.
865 5500 1117 5556 Ecclesiae
1146 5499 1492 5569 .lerosolymis
1523 5500 1821 5551 constituta:
1862 5500 1973 5567 t-pi-

399 5590 591 5641 scopus
616 5613 629 5637 ,
664 5574 834 5640 inquit
869 5571 1122 5625 Eusebius
1154 5572 1204 5623 in
1234 5570 1533 5641 Chronico,
1568 5569 1796 5641 Jac-obus
1827 5570 1970 5641 ordi-

404 5638 554 5695 natos
582 5653 689 5704 est;
724 5638 901 5709 utique
928 5640 1113 5693 eodem
1143 5656 1247 5707 quo
1276 5638 1517 5691 Christus
1547 5640 1828 5692 crucilixus
1853 5639 1969 5703 fuit,

404 5713 690 5762 tesurrexit
730 5722 784 5764 et
828 5714 879 5763 in
910 5710 1101 5763 uelum
1129 5710 1367 5762 ascendit
1394 5725 1555 5772 anno,
1585 5712 1671 5776 qui
1718 5710 1811 5760 fut
1839 5710 1971 5760 duo.

404 5779 496 5830 ima
534 5777 765 5849 Geminis
814 5780 1113 5834 consulibus
1161 5790 1386 5840 notatus,
1430 5790 1479 5833 et
1522 5779 1803 5847 rc.~p0ndct
1834 5794 1972 5833 anno

2004 4492 2053 4552 Ι)

2081 4102 2316 4172 vulgaris
2364 4117 2485 4155 term
2528 4101 2615 4156 ἓξ).
2673 4103 2783 4157 Hoc
2812 4104 2969 4155 etiam
3002 4102 3345 4172 confirmatur
3372 4116 3436 4154 ex
3472 4100 3664 4156 llicro-

2084 4170 2257 4242 nynio,
2281 4174 2378 4242 qui
2411 4172 2460 4225 in
2489 4172 2626 4226 libro
2663 4174 2729 4225 de
2762 4170 3120 4242 Scriptorihus
3149 4170 3523 4242 ecclesiasticis
3550 4174 3667 4223 ειυς

2080 4240 2221 4308 ginm
2270 4241 2452 4296 Jacobi
2499 4244 2771 4297 concludit
2801 4242 2881 4294 his
2913 4240 3085 4294 verbis
3120 4259 3131 4291 :
3167 4259 3184 4291 ι
3221 4241 3457 4304 Triginta
3504 4243 3663 4296 annis

2082 4310 2431 4381 Jerosolymis
2484 4314 2621 4365 rexit
2666 4312 2973 4376 Ecclesiam,
3010 4326 3175 4379 usque
3216 4310 3279 4362 ad
3310 4309 3532 4363 Neronis
3562 4327 3661 4364 an-

2081 4396 2204 4435 num
2248 4383 2301 4445 7,
2338 4402 2354 4431 ι
2409 4382 2499 4447 qui
2545 4384 2727 4449 utique
2773 4392 2853 4434 est
2892 4395 3058 4433 annus
3109 4382 3176 4433 66
3216 4396 3353 4432 tera).
3384 4381 3663 4433 Ordinatio

2084 4464 2258 4505 autem
2292 4452 2406 4520 ejus
2440 4453 2593 4505 hodie
2616 4451 2928 4505 ευΙώι-τηιιῐκ
2961 4453 3131 4517 Atque
3155 4452 3256 4502 huc
3285 4460 3490 4516 spectat
3519 4452 3660 4520 quod

2085 4522 2343 4575 Eusebius
2393 4524 2549 4576 habet
2600 4523 2730 4577 Hist.
2782 4521 2922 4575 Eccl.
2957 4536 3047 4581 vii,
3085 4522 3147 4574 19
3180 4537 3194 4575 :
3232 4538 3249 4569 ι
3289 4520 3473 4572 Jacobi
3521 4519 3661 4573 itltus

2082 4594 2551 4646 cathedram.......
2585 4592 2650 4644 ad
2690 4601 2870 4643 nostra
2902 4605 3067 4657 usque
3100 4601 3334 4657 tempora
3367 4602 3659 4642 censerva—

2082 4671 2186 4714 tam
2217 4666 2404 4716 fratres
2436 4663 2572 4716 illius
2599 4662 2753 4715 Eeele
2786 4661 2847 4713 ite
2874 4660 2981 4727 jam
3014 4660 3134 4713 inde
3162 4675 3188 4709 a
3222 4660 3511 4719 ma;oribus
3542 4675 3659 4711 rna-

2078 4747 2178 4796 gna
2230 4743 2623 4800 prosequuntur
2670 4732 2983 4800 reverentia.
3024 4748 3041 4800 i
3098 4730 3223 4796 Ejus
3269 4729 3457 4780 natalis
3505 4730 3528 4781 1
3574 4728 3663 4782 die

2080 4800 2194 4853 Maii
2225 4798 2546 4856 celebratur.
2582 4802 2815 4856 Ecclesia
2848 4798 3256 4853 Mediolanenss
3303 4799 3459 4862 huius
3512 4800 3663 4852 ordi-

2080 4876 2351 4925 nationctn
2397 4873 2631 4926 celebrat
2660 4880 2850 4941 quarto
2891 4868 3009 4922 Kal.
3041 4868 3297 4924 Januarii.
3329 4867 3661 4934 Fenaamus,

2079 4941 2131 4994 in
2162 4941 2329 4995 Calal.
2363 4942 2496 4997 Gen.

2150 5010 2433 5080 “‘Eulycii.
2480 5010 2541 5063 lli
2594 5014 2817 5079 Aneyrm
2862 5010 2911 5061 in
2945 5009 3147 5061 Galatia
3179 5007 3318 5077 passi
3348 5016 3506 5069 Sunt;
3555 5006 3660 5061 Ca-

2077 5077 2271 5132 stotins
2300 5077 2423 5133 vero
2456 5084 2503 5132 in
2538 5077 2737 5134 Africa}
2767 5080 3013 5144 Histrum,
3049 5081 3197 5131 Mart.

2152 5154 2175 5179 ⁸
2222 5149 2504 5218 Trophimi.
2553 5150 2839 5213 Gregorius
2891 5150 3251 5209 Turonensis,
3303 5162 3349 5205 I.
3405 5146 3499 5209 28,
3546 5146 3659 5199 vult

2077 5220 2426 5286 Tmphimum
2458 5236 2484 5271 a
2518 5221 2765 5286 pontifice
2796 5218 3034 5271 Humano
3078 5218 3386 5283 episcopum
3436 5218 3653 5286 factum,

2077 5300 2131 5343 et
2183 5284 2339 5343 Decio
2388 5306 2450 5343 ac
2504 5284 2664 5342 Grato
2713 5290 3058 5348 consulibus,
3109 5302 3248 5339 anno
3296 5287 3488 5351 nempe
3522 5284 3653 5348 9.50,

2077 5362 2343 5413 Arelatem
2400 5361 2661 5420 IllisSUlll,
2722 5358 2945 5425 primum
3003 5358 3118 5422 eius
3169 5356 3310 5409 sedis
3361 5356 3656 5407 antistitem

2079 5431 2275 5491 fuisse;
2307 5430 2398 5483 sed
2427 5432 2512 5482 illa
2545 5430 2645 5482 alia
2675 5427 2885 5481 traditio
2912 5429 3080 5481 multo
3110 5439 3191 5479 est
3218 5426 3505 5487 celebrior,
3534 5440 3659 5493 qua:

2077 5502 2103 5550 Ἰ
2124 5499 2423 5568 r0pbitnum
2450 5499 2808 5567 apostolorum
2837 5508 2992 5568 aetate
3024 5498 3189 5568 Itonia
3231 5495 3657 5568 Arelatemgmis-

2077 5564 2201 5622 sum
2223 5571 2394 5631 docet,
2427 5564 2795 5622 ct‘auctoritas
2823 5567 3070 5635 Gregorii
3101 5566 3301 5620 'l‘uron.
3332 5581 3398 5619 ex
3430 5564 3655 5628 epistola

2078 5642 2127 5691 in
2177 5639 2425 5706 operibus
2472 5638 2718 5707 Cypriani
2769 5640 2835 5692 de
2881 5637 3144 5707 Marciano
3189 5637 3277 5707 qui
3326 5635 3424 5707 sub
3472 5636 3653 5707 llecio,

2078 5704 2304 5785 Guildct
2343 5704 2637 5777 Valeriano,
2667 5708 2945 5778 episcopus
2987 5706 3307 5764 Arelatensi:
3349 5706 3465 5769 luit,
3500 5704 3654 5771 plane

2075 5789 2343 5835 ενςηιιυτ.
