4054 6190
412 361 542 417 1115

1518 360 1711 414 SECT.
1763 361 1825 415 ll.
1864 392 1934 402 —
1976 361 2529 415 MAl‘tTYIiOLOGIA.
3504 365 3636 416 lliti

1678 475 1901 530 EDITIO
1940 477 2405 534 COLONIENSIS.

473 569 537 623 (ἶ.
574 565 638 623 lll
663 564 795 620 ΚΑΙ..
830 564 947 618 Jan.
989 592 1057 603 —
1102 562 1249 629 Apud
1282 563 1553 630 Spoletum
1588 566 1765 630 passio
1793 567 1959 618 sancti
1996 578 2043 635 Α
2069 568 2306 621 custodia
2333 574 2507 635 erant,
2542 568 2801 620 miserunt
2829 581 2884 622 sc
2933 568 2995 619 ad
3051 567 3212 634 pedes
3239 567 3387 635 ejus,
3418 583 3637 623 numero

404 661 582 716 Sabini
638 660 895 727 episcopi,
946 659 1287 726 Exnperantii
1338 669 1392 712 et
1439 660 1671 713 Marcelli
1720 660 1973 714 diacono-

405 767 543 815 rum,
585 759 636 804 et
668 749 970 804 Venustiani
1002 766 1119 803 cum
1152 765 1314 803 uxore
1355 766 1417 805 ac
1466 750 1608 812 ﬁliis,
1662 753 1760 805 sub
1802 751 1971 804 Maxi-

405 848 583 902 miano
615 845 870 914 Augusto.
925 846 1024 910 Qui
1072 845 1261 898 beatus
1299 844 1526 899 Sabinus
1570 860 1691 898 cum
1737 855 1879 898 esset
1919 846 1970 898 in

405 938 651 992 omnibus
676 937 870 990 divinis
912 934 1345 990 instructionibus
1373 935 1547 989 clarus
1572 975 1586 998 ,
1622 944 1796 989 tentus
1824 943 1906 987 est
1942 948 1971 986 a

406 1028 636 1096 prasidi:
666 1027 872 1081 Tusciae
903 1026 1243 1090 Venusuano,
1269 1039 1388 1077 cum
1422 1024 1632 1078 duobus
1658 1023 1974 1077 diaconibus

412 1120 772 1189 Exuperantio
796 1128 851 1173 et
878 1118 1147 1183 Marcello,
1174 1127 1228 1171 et
1255 1116 1434 1170 multis
1474 1115 1706 1168 clericis.
1732 1113 1829 1167 Cui
1866 1114 1969 1167 Ve-

415 1213 691 1266 nttstianns
719 1210 877 1264 deum
906 1209 1087 1263 Jovem
1119 1221 1294 1269 suum,
1326 1219 1483 1274 quem
1517 1204 1745 1259 habebat
1778 1205 1827 1257 in
1870 1218 1966 1255 cu-

408 1304 586 1358 biculo
612 1318 676 1356 ex
713 1302 885 1368 lapide
914 1302 1048 1353 mire
1099 1298 1400 1361 formatum,
1431 1295 1762 1350 vestimentis
1792 1295 1975 1348 aureis

408 1396 472 1450 ad
502 1394 825 1449 adorandum
853 1392 1062 1446 obtulit.
1097 1391 1262 1457 Quem
1294 1388 1491 1457 beatus
1518 1388 1751 1442 Sabinus
1778 1386 1831 1439 in
1864 1401 1975 1438 nta-

408 1487 560 1539 nibus
581 1494 876 1553 acceptum,
920 1483 1055 1536 facta
1086 1481 1331 1535 oratione
1359 1479 1612 1532 continuo
1638 1478 1778 1531 elisit
1806 1477 1857 1529 itt
1886 1491 1977 1544 pa-

406 1578 658 1638 vimento,
692 1586 744 1629 et
771 1574 1055 1641 confregit.
1088 1570 1237 1637 Quod
1268 1570 1463 1622 factum
1489 1568 1671 1620 videns
1697 1566 1981 1620 Venustia.

409 1680 530 1727 nus,
575 1679 697 1718 cum
730 1661 907 1716 furore
949 1662 1106 1730 jussit
1134 1672 1191 1712 ut
1225 1658 1633 1727 przeciderentur
1670 1657 1719 1710 ei
1762 1671 1970 1723 manus,

406 1763 463 1809 et
506 1754 559 1808 in
607 1764 887 1822 conspectu
936 1753 1050 1818 ejus
1099 1748 1400 1803 Marcellum
1452 1755 1507 1801 et
1550 1747 1970 1813 Exuperantiuzn

407 1842 632 1912 equuleo
660 1841 927 1910 suspendi,
951 1855 1012 1894 ac
1040 1840 1259 1893 fustibus
1281 1838 1434 1903 caedi,
1466 1847 1520 1892 et
1565 1838 1830 1905 unguibus
1864 1838 1977 1892 radi

2072 659 2335 723 undecim,
2390 668 2443 710 et
2487 658 2734 725 baptizati
2781 668 2927 711 sunt.
2975 657 3128 723 Quod
3169 673 3286 710 cum
3342 660 3636 712 nuntiatum

2072 759 2212 802 esset
2246 747 2570 801 Venustiano
2615 746 2851 815 praesidi,
2884 748 3221 801 indoluerant
3250 747 3391 802 oculi
3420 749 3551 818 ejus,
3586 760 3639 803 et

2073 855 2182 910 prae
2211 841 2396 895 dolore
2425 856 2596 907 neque
2622 842 2820 903 cibum,
2855 855 3022 908 neque
3054 830 3258 907 potum,
3296 854 3467 908 neque
3490 854 3637 893 som-

2072 946 2197 985 num
2222 946 2413 998 capere
2443 942 2665 1000 poterat,
2700 932 2948 999 misitque
2975 946 3199 984 uxorem
3225 947 3395 997 suam,
3426 941 3481 986 ct
3505 933 3640 986 duos

2075 1023 2232 1088 ﬁlios,
2262 1033 2321 1077 ut
2369 1025 2693 1079 adducerent
2740 1027 2955 1079 beatum
3005 1026 3260 1080 Sabinum
3314 1027 3379 1080 ad
3423 1027 3638 1081 domum

2074 1114 2187 1182 ejus
2214 1114 2281 1167 de
2310 1130 2543 1169 carcere.
2591 1115 2867 1168 Adductus
2912 1116 3093 1181 itaque
3144 1116 3433 1182 prostravit
3469 1131 3527 1170 se
3577 1117 3642 1169 ad

2077 1204 2240 1271 pedes
2280 1204 2394 1272 ejus
2442 1203 2794 1256 Venustianus
2824 1219 2943 1257 cum
2994 1204 3141 1268 ﬂetu,
3172 1221 3410 1267 uxorque
3446 1220 3511 1259 ac
3551 1204 3644 1262 ﬁlii

2075 1302 2292 1361 agentes
2320 1293 2682 1359 paenitentiam
2710 1332 2724 1354 ,
2758 1296 2809 1346 ες
2849 1304 3095 1360 rogantes
3133 1309 3192 1349 se
3220 1296 3492 1363 baptizari.
3527 1296 3641 1348 Mox

2078 1386 2371 1452 baptizatus
2416 1394 2471 1437 ut
2501 1385 2567 1438 de
2595 1383 2730 1451 pelvi
2782 1384 2987 1438 levatus
3024 1392 3126 1450 est,
3172 1385 3371 1439 nullum
3404 1386 3642 1439 dolorem

2076 1476 2244 1531 sensit
2272 1476 2547 1532 ocitlorutn
2596 1495 2608 1529 :
2666 1477 2962 1531 nuntiatum
2994 1484 3077 1530 est
3113 1485 3287 1531 autem
3336 1478 3434 1531 hoc
3478 1477 3645 1531 Maxi—

2079 1569 2291 1632 miano,
2342 1570 2427 1635 qui
2478 1569 2643 1621 iratus
2692 1570 2943 1637 praecepit
2995 1568 3246 1624 Sabinum
3290 1567 3553 1633 damnari,
3593 1580 3646 1623 et

2079 1660 2253 1725 ipsum
2290 1659 2671 1713 Venustianum
2701 1661 2871 1726 capite
2919 1661 3175 1713 truncari.
3205 1658 3438 1713 Veniens
3474 1669 3647 1713 autem

2081 1750 2276 1803 Lucius
2315 1752 2580 1813 tribunus,
2629 1750 2745 1803 sine
2790 1750 3063 1803 auditione
3112 1750 3322 1803 beatum
3374 1749 3650 1803 Venustia~

2081 1856 2208 1894 num
2234 1855 2354 1895 cum
2384 1854 2552 1894 uxore
2579 1849 2631 1893 et
2660 1839 2777 1893 liliis
2805 1840 3032 1905 necavit,
3057 1841 3107 1893 in
3134 1840 3347 1894 civitate
3376 1840 3612 1893 Assisina
3635 1858 3650 1904 ;

410 1936 574 1988 latera
628 1949 838 1997 eorum,
869 1933 1040 2001 ignem
1084 1932 1244 1986 etiam
1276 1932 1521 1999 supponi.
1573 1931 1685 1985 lloc
1723 1931 1865 1985 facto
1918 1932 1970 1986 in
2010 1916 2057 1975 Β
2086 1931 2338 1985 Sabinum
2371 1946 2494 1983 vero
2525 1931 2835 1998 episcopum
2865 1930 3084 1983 adduxit
3121 1930 3172 1983 in
3213 1931 3481 1984 civitatem
3520 1930 3651 1997 Spo-

407 2022 741 2077 confessione
793 2020 998 2074 Domini
1054 2019 1295 2087 Spiritum
1346 2018 1657 2073 emiserunt.
1715 2019 1971 2075 Sabinum

406 2128 533 2167 vero
566 2113 866 2181 episcopum
905 2111 1058 2178 jussit
1098 2110 1291 2164 retrudi
1324 2109 1698 2165 incarcerem.
1736 2111 1974 2166 Audien-

410 2213 491 2258 tes
515 2211 692 2256 autem
731 2202 944 2270 quidam
977 2200 1210 2270 piscator
1232 2209 1285 2252 et
1311 2200 1612 2267 presbyter,
1646 2200 1979 2269 collegerunt

408 2308 631 2359 corpora
662 2300 966 2347 sanctorum
987 2331 1003 2357 ,
1034 2302 1084 2344 et
1116 2290 1437 2357 sepelierunt
1457 2289 1607 2357 juxta
1636 2288 1774 2342 viam
1810 2289 1977 2358 pridie

408 2382 670 2437 Kalendas
720 2382 976 2436 Januarii.
1036 2381 1233 2435 Serena
1280 2394 1409 2432 vero
1465 2378 1760 2432 Christiana
1822 2379 1976 2433 vidua

407 2487 585 2527 curam
616 2472 815 2525 habens
842 2469 1008 2524 sancti
1035 2468 1215 2523 Sabini
1246 2467 1505 2535 episcopi,
1536 2468 1757 2521 adduxit
1786 2467 1839 2520 in
1859 2481 1977 2522 car-

406 2575 584 2614 cerem
625 2568 870 2627 nepotem
914 2573 1067 2611 suum
1119 2556 1440 2610 Priscianum
1470 2594 1484 2619 ,
1518 2556 1607 2624 qui
1640 2564 1755 2609 erat
1784 2570 1975 2609 caecus.

407 2651 553 2704 Tunc
580 2659 791 2703 sanctus
839 2648 1067 2703 Sabinus
1112 2658 1322 2701 truncas
1364 2661 1550 2700 manus
1595 2661 1755 2715 super
1799 2647 1980 2700 oculos

403 2742 521 2811 ejus
550 2742 738 2810 posuit,
792 2752 843 2794 et
872 2739 1207 2794 illuminavit.
1260 2738 1511 2793 Videntes
1566 2748 1741 2793 autem
1782 2740 1873 2807 qui
1925 2739 1977 2793 in

2080 2021 2261 2086 letum,
2329 2030 2381 2075 et
2428 2020 2607 2073 tandiu
2660 2020 2911 2089 praacepit
2963 2021 3113 2081 medi,
3166 2020 3336 2074 donec
3379 2020 3651 2075 deﬁceret.

2079 2110 2240 2178 Cujus
2271 2124 2465 2179 corpus
2492 2109 2705 2178 Collegit
2731 2110 3051 2164 venerabilis
3081 2110 3301 2173 Serene,
3327 2125 3445 2178 qum
3465 2124 3651 2162 manus

2080 2199 2195 2270 ejus
2248 2200 2298 2253 in
2342 2200 2487 2253 dolio
2518 2200 2686 2253 vitreo
2729 2215 2850 2253 cum
2888 2199 3217 2254 aretnatibus
3244 2200 3571 2264 condiverat,
3602 2207 3653 2252 et

2082 2291 2216 2345 intra
2243 2289 2457 2343 domum
2487 2305 2639 2343 suam
2669 2299 2935 2357 posuerat,
2979 2289 3324 2358 sepelivitque
3353 2304 3476 2343 eum
3519 2303 3547 2341 a
3579 2290 3652 2341 ci-

2086 2382 2248 2435 vitate
2291 2382 2575 2450 Spoletana
2606 2382 2855 2436 milliario
2900 2383 3015 2450 plus
3046 2383 3220 2436 minus
3250 2397 3377 2445 uno,
3419 2382 3518 2435 sub
3561 2382 3650 2436 die

2086 2471 2309 2539 septimo
2343 2472 2461 2525 ldus
2508 2472 2838 2525 Decembris.
2888 2471 3169 2525 Festivitas
3222 2480 3396 2524 tamen
3444 2469 3558 2538 ejus
3601 2478 3653 2522 et

2086 2576 2243 2628 supra
2273 2561 2664 2614 nominaturum
2718 2569 3032 2623 martvrum,
3068 2560 3224 2613 tertio
3272 2558 3534 2613 Kalendas
3562 2556 3653 2611 Ja-

2089 2653 2256 2705 nuarii
2281 2653 2460 2719 agitur.

1676 2833 1907 2887 EDlTlU
1950 2830 2458 2887 llOLLANDlANA.

411 2928 686 2990 Honorati,
717 2926 915 2990 Saturi,
947 2927 1151 2980 Felicis.
1186 2924 1269 2986 L.,
1302 2928 1367 2980 Et
1397 2929 1569 2993 passio
1598 2928 1654 2983 S.
1694 2938 1718 2965 ει
1751 2927 1973 2981 Thomae

408 2998 789 3063 art-hiepiscotti
839 3008 892 3050 et
943 2995 1187 3065 martyris
1228 2997 1642 3051 Canmariensis.
1675 2999 1755 3061 Β..
1793 3001 1971 3049 Roma:

413 3067 603 3119 Felicis
645 3077 697 3118 et
742 3067 993 3119 Bonifatii
1024 3068 1253 3132 episcopi
1287 3066 1353 3120 de
1380 3069 1734 3122 OrdinatiOne.
1765 3070 1816 3119 In
1849 3082 1979 3130 pago

409 3138 704 3189 Oxomense
751 3136 904 3191 Otico
953 3137 1274 3190 monasterio
1324 3136 1588 3204 depositio
1630 3138 1689 3194 S.
1720 3139 1746 3178 δ
1777 3136 1975 3191 Ebrulﬁ

409 3208 744 3260 confessoris.

476 3296 563 3350 '50.
597 3325 665 3336 —
697 3295 760 3349 ill
790 3296 920 3349 ΚΑΙ..
950 3296 1115 3350 Vacat
1142 3299 1314 3352 Baeda.

476 3376 665 3432 Florus
709 3381 760 3432 in
803 3384 867 3432 Α.
920 3379 981 3432 Τ.
1036 3380 1093 3432 L.
1130 3397 1141 3431 ;
1194 3382 1421 3433 Turonis
1462 3380 1677 3434 civitate
1723 3379 1982 3445 depositio

408 3474 430 3502 ε
455 3467 699 3536 Perpetui
731 3469 963 3535 episcopi
994 3478 1045 3522 et
1069 3470 1389 3522 confessoris
1421 3485 1433 3521 :
1472 3470 1559 3536 qui
1592 3468 1839 3536 religioso
1871 3485 1981 3520 ma-

406 3572 611 3627 gnoque
640 3567 763 3612 voto
787 3572 978 3626 corpus
1007 3559 1064 3612 Β.
1097 3559 1304 3613 Martini
1332 3572 1634 3621 removens,
1688 3561 1977 3626 augent-aut

2087 2926 2436 2979 visitationem
2468 2924 2769 2993 promeruit.

2154 3016 2243 3079 D.,
2278 3017 2427 3083 Apud
2453 3017 2725 3084 Spoletum
2759 3016 2933 3081 passio
2960 3016 3014 3068 S.
3049 3022 3074 3060 (ι
3102 3014 3280 3067 Sabini
3312 3015 3566 3080 episcop7,
3599 3026 3654 3071 et

2091 3088 2410 3154 Exuperanti
2458 3095 2511 3140 et
2566 3087 2792 3139 Marcelli
2838 3086 3209 3144 diaconorutn,
3255 3094 3307 3136 et
3351 3084 3650 3140 Venustiani

2086 3174 2207 3210 cum
2239 3170 2401 3209 uxore
2431 3168 2481 3208 et
2515 3157 2633 3208 ﬁliis
2661 3156 2761 3210 sub
2804 3156 3116 3207 Maximiano
3159 3158 3411 3222 Augusto.
3460 3155 3519 3208 V.
3564 3156 3651 3221 T.,

2089 3228 2142 3280 In
2172 3226 2487 3279 Alexandria
2521 3228 2771 3278 Mansueti
2812 3224 3115 3291 (fluensque
3146 3225 3207 3277 Τ.
3235 3235 3279 3277 et
3309 3224 3413 3293 8.),
3448 3226 3652 3291 Severi,

2088 3297 2311 3361 Appiani
2344 3294 2575 3365 [Securi,
2607 3294 2844 3365 Apanis],
2882 3297 3087 3353 Donati,
3116 3295 3350 3365 llonorii,
3388 3298 3469 3359 ll,
3505 3296 3655 3348 Pole-

2089 3368 2208 3421 disi.
2258 3366 2312 3419 In
2347 3364 2369 3394 θ
2401 3368 2571 3419 Insula
2626 3368 2683 3419 ὃ.
2744 3364 3017 3425 Flereutii.
3062 3365 3267 3428 Sereni,
3321 3364 3487 3427 l’auli,
3536 3366 3655 3417 Ste-

2093 3437 2272 3501 phani,
2325 3434 2558 3500 Papiani,
2608 3436 2957 3503 Cleteugenis.
3008 3434 3235 3488 Turonis
3265 3435 3507 3501 Perpetui
3544 3436 3655 3502 epi-

2089 3507 2232 3571 scopi
2259 3512 2310 3557 et
2332 3504 2668 3557 ceitlessoris.

1809 3652 2013 3707 SMlTll
2056 3653 2278 3710 NOTAE.

478 3749 504 3776 ιι
534 3742 760 3795 Thamar.
793 3739 1154 3808 Cognomento
1204 3741 1395 3795 Becket
1441 3752 1598 3810 gente
1648 3742 1820 3808 Angli,
1851 3744 1977 3796 civi-

409 3826 513 3867 tate
544 3812 921 3867 Londinensis.
964 3811 1080 3863 Fuit
1108 3813 1288 3876 primis
1321 3813 1611 3865 litterarum
1643 3812 1918 3866 elementis
1951 3832 1976 3864 ιι

410 3887 581 3945 priore
626 3883 939 3935 Mertonensi
989 3882 1241 3945 imbutus,
1290 3882 1515 3947 primum
1562 3882 1778 3943 Uxonii,
1843 3884 1966 3936 dein

408 3954 626 4007 Lutetia-
650 3952 868 4003 Studuit.
896 3951 949 4002 ltt
977 3953 1220 4017 Angliam
1251 3967 1495 4005 reversus
1522 3951 1659 4006 inter
1681 3952 1973 4008 Theoltaldi

406 4022 788 4089 archiepiscopi
812 4020 1204 4073 Can'uariensis
1226 4021 1545 4074 domesticos
1565 4031 1839 4087 cooptatus
1861 4034 1972 4085 est;

406 4094 473 4146 ab
517 4091 912 4155 archiepiscopo
945 4091 1231 4142 Bononiam
1286 4107 1404 4143 mox
1446 4093 1777 4154 amandatus,
1812 4103 1864 4145 ut
1906 4095 1976 4147 ibi

404 4161 536 4229 juris
582 4158 822 4212 canonici
866 4160 1139 4211 scientiam
1188 4159 1469 4213 edisceret.
1508 4161 1697 4214 lterum
1732 4176 1977 4216 reversus

406 4230 835 4285 archidiaconatu
884 4229 1287 4291 Cantuariensi,
1324 4232 1666 4296 praepositum
1721 4232 1977 4285 lleverla-

404 4299 574 4362 censi,
624 4299 862 4351 rectoriis
910 4301 976 4350 de
1029 4300 1308 4353 Brumtield
1350 4310 1404 4352 et
1453 4314 1631 4355 monte
1677 4303 1733 4355 S.
1777 4302 1972 4365 Marize,

408 4367 705 4435 praebendis
734 4368 856 4420 item
908 4368 1132 4431 duabus,
1182 4384 1280 4421 una
1335 4370 1569 4432 Paulina,
1619 4370 1973 4426 Lincolnicnsi

406 4440 615 4501 altera,
666 4436 910 4489 donatur.
960 4437 1077 4490 Mox
1126 4439 1176 4490 in
1227 4440 1399 4490 aulam
1448 4442 1682 4504 ascitus,
1734 4457 1973 4495 summus

407 4491 615 4576 Anglia;
650 4507 997 4576 cancellztrins
1041 4517 1250 4561 creatus
1289 4518 1404 4572 est;
1450 4519 1501 4560 et
1521 4491 1716 4576 postv'l‘
1724 4491 1969 4565 lieobaldi
2009 4491 2056 4547 D

405 4575 629 4631 mortem
674 4575 740 4629 ad
791 4576 1038 4628 thronum
1087 4575 1780 4633 Cantuariensetnevectus
1832 4596 1973 4635 anno

410 4646 564 4711 “6‘2,
596 4648 709 4711 ipso
738 4645 822 4699 die
856 4645 1194 4699 Pentecostes
1221 4659 1556 4701 consecratus
1586 4659 1704 4713 est;
1736 4666 1855 4703 cum
1882 4668 1974 4702 att-

406 4728 509 4770 tem
554 4718 750 4785 aliquot
799 4730 966 4769 annos
1011 4717 1212 4786 regium
1256 4716 1342 4785 jus
1390 4718 1587 4771 clerum
1629 4720 1972 4786 Anglicanttm

399 4786 549 4857 juxta
595 4784 838 4857 antiquas
889 4784 1033 4851 regni
1078 4784 1488 4840 ctmsuetndines
1520 4784 1766 4855 puniendi
1808 4807 1977 4855 oppu-

402 4856 638 4923 gnasset,
668 4864 721 4909 et
745 4856 853 4922 jam
898 4857 1006 4921 regi
1054 4870 1321 4925 regnoque
1348 4857 1519 4922 gravis
1550 4857 1718 4911 factus
1748 4868 1911 4925 esset,
1944 4876 1975 4913 a

403 4925 713 4980 satellitibus
742 4932 964 4991 quatuor
991 4924 1165 4993 regiis,
1198 4926 1397 4990 injussu
1430 4935 1602 4979 tamen
1634 4929 1804 4995 regio,
1835 4930 1969 4983 Can-

407 4996 591 5049 tuariaa
618 4996 921 5047 interfecms
950 5003 1053 5057 est,
1103 5004 1328 5048 exeunte
1366 5010 1503 5047 anno
1554 4996 1708 5052 1170.
1753 4998 1977 5053 Exstant

405 5064 521 5133 ejus
553 5065 893 5129 epistularum
923 5064 1041 5133 libri
1067 5078 1137 5126 vt,
1162 5079 1188 5113 a
1216 5064 1420 5118 Joanne
1442 5060 1818 5121 Sarisberiensi
1846 5071 1971 5122 olim

403 5135 610 5188 collecti
641 5143 693 5187 et
721 5134 928 5200 digesti,
961 5132 1200 5185 admistis
1230 5135 1386 5186 etiam
1417 5138 1813 5202 quatnpturimis
1840 5139 1974 5192 alio-

406 5219 519 5256 rum
571 5205 634 5257 ad
685 5203 939 5255 Thomam
988 5211 1041 5254 et
1087 5203 1155 5256 de
1198 5218 1262 5255 eo
1304 5203 1559 5268 epistolis.
1589 5207 1971 5263 Collectionem

405 5273 558 5345 istam
588 5274 639 5326 in
672 5273 839 5325 lucem
872 5272 1152 5339 protraxit,
1183 5283 1234 5327 et
1263 5290 1361 5326 una
1389 5289 1507 5345 cum
1538 5276 1853 5345 Quadrilogo
1877 5292 1972 5333 seu

407 5342 520 5395 Vita
567 5345 785 5396 ’l‘hotnre
832 5356 898 5394 ex
944 5350 1169 5409 quatuor
1211 5343 1511 5398 auctoribus
1553 5346 1679 5399 olim
1722 5342 1971 5403 contexta

401 5413 486 5467 edi
518 5414 717 5465 curavit
738 5412 1069 5465 Christianus
1098 5411 1276 5479 Lupus
1307 5413 1579 5467 Bruxellis.

475 5487 501 5553 ι)
533 5481 754 5553 Ebrulﬁ.
805 5481 908 5553 llic
943 5482 1102 5536 nobili
1151 5493 1295 5553 ortus
1336 5485 1599 5551 prosapia,
1634 5485 1971 5553 Bajocassina

404 5552 535 5606 urbe
558 5552 810 5605 oriundus
844 5551 957 5613 luit,
985 5566 1121 5603 anno
1149 5552 1251 5605 517
1275 5563 1445 5605 natus.
1482 5551 1781 5608 Amicorum
1813 5572 1969 5611 suasu

407 5638 625 5675 uxorem
656 5621 840 5683 duxit;
872 5635 971 5686 qua
1002 5631 1180 5688 postea
1208 5623 1396 5683 velata,
1427 5622 1479 5675 in
1504 5627 1879 5679 monasterium
1911 5644 1970 5681 se

403 5692 773 5766 recepit,_inde
812 5692 876 5766 in.
900 5705 1133 5766 eremum
1158 5692 1516 5766 jtlxitnensem
1546 5708 1637 5766 seu
1671 5694 1968 5749 Uticensem

405 5778 521 5816 cum
556 5764 722 5816 ttibus
752 5760 927 5824 sociis,
960 5764 1045 5816 ubi
1091 5763 1250 5817 cellas
1278 5766 1566 5819 construxit
1595 5764 1731 5821 circa
1771 5780 1966 5821 annum

2090 3744 2213 3797 560.
2268 3743 2331 3794 Et
2378 3759 2444 3796 xv
2492 3743 2589 3795 alia
2632 3741 2947 3794 monasteria
2987 3740 3218 3791 virorum
3258 3755 3349 3791 seu
3379 3740 3652 3792 mulierum

2090 3812 2399 3873 regulariter
2447 3812 2693 3875 instituit,
2743 3825 2965 3878 quorum
3014 3810 3221 3878 nomina
3274 3810 3562 3877 perierunt.
3602 3810 3652 3861 ltt

2086 3884 2281 3950 duplici
2312 3882 2577 3936 Chronico
2618 3896 2718 3933 ms.
2767 3877 3076 3950 monasterii
3109 3877 3387 3950 Uticensis,
3418 3879 3564 3950 quod
3585 3881 3653 3950 VS.

2089 3947 2286 4006 Ehrnlli
2337 3954 2491 4005 modo
2521 3953 2837 4018 appellatur,
2873 3958 3027 4018 natus
3056 3947 3257 4018 legitur
3304 3950 3363 4005 S.
3411 3948 3655 4002 Ebrulfus

2084 4037 2226 4076 anno
2252 4023 2377 4084 517,
2409 4017 2644 4075 mortuus
2675 4036 2802 4075 vero
2831 4034 2969 4072 anno
3007 4017 3136 4071 595.
3162 4020 3437 4074 Consentit
3462 4020 3656 4073 Guliel—

2084 4108 2200 4145 mus
2245 4091 2700 4150 Gemmeticensis,
2755 4091 2844 4143 lib.
2899 4104 2991 4150 vtt,
3043 4104 3091 4142 c.
3146 4088 3234 4152 25,
3290 4091 3368 4144 his
3415 4090 3589 4143 vt-rbis
3639 4105 3653 4142 :

2088 4179 2105 4211 ι
2142 4165 2292 4215 Anno
2320 4164 2387 4214 ab
2415 4163 2779 4216 lncarnatione
2807 4159 3008 4212 Domini
3035 4158 3162 4221 596,
3188 4159 3357 4211 mtatis
3389 4175 3515 4212 vero
3544 4174 3655 4212 sua:

2081 4231 2167 4294 80,
2227 4232 2491 4285 residente
2544 4232 2595 4283 in
2645 4231 2771 4283 sede
2814 4228 3100 4292 apostolica
3150 4228 3406 4293 Gregorio
3450 4244 3656 4281 summo

2079 4302 2299 4356 doctore
2329 4312 2382 4355 et
2412 4301 2698 4364 Anglorum
2727 4297 3036 4364 apostolico,
3073 4297 3129 4349 Β.
3163 4299 3406 4351 Ehrullus
3447 4314 3497 4350 Iv
3537 4299 3653 4351 Kal.

2078 4370 2197 4424 Jan.
2231 4388 2293 4425 ex
2328 4373 2426 4426 hac
2470 4371 2575 4425 vita
2625 4368 2887 4439 migravit.
2929 4386 2947 4419 ι
2983 4369 3108 4422 Vide
3136 4368 3419 4422 Mabillonii
3457 4383 3581 4423 saec.
3613 4382 3654 4436 ι,

2081 4447 2198 4496 Act.
2234 4443 2361 4496 Ben.

2151 4516 2173 4543 ο
2210 4511 2473 4582 Perpetui.
2504 4512 2577 4565 De
2602 4526 2665 4565 eo
2695 4510 2834 4576 vide,
2868 4525 3045 4582 supra,
3075 4510 3164 4582 die
3201 4510 3234 4562 8
3262 4509 3495 4582 Aprilis._
3525 4510 3653 4576 Quis

2078 4580 2192 4636 dies
2239 4579 2604 4647 S.'Perpetno
2637 4582 2792 4634 fuerit
2839 4580 3030 4633 natalis
3074 4580 3326 4632 incertum
3353 4588 3452 4631 est.
3481 4579 3533 4631 lu
3567 4596 3654 4633 ve-

2077 4653 2388 4708 tustioribus
2419 4646 2545 4705 vero
2571 4651 2960 4720 ntartyrologiis
2990 4660 3204 4720 notatur
3226 4646 3293 4700 δυ
3329 4650 3574 4703 Decemb.

2154 4725 2181 4764 ἀ
2210 4721 2406 4776 Sabini.
2446 4719 2799 4775 Venustianus
2831 4734 3023 4784 praeses
3050 4719 3257 4772 Tusciae
3305 4720 3423 4771 huic
3466 4734 3653 4773 manus

2079 4793 2293 4858 praecidi
2337 4791 2527 4859 jussit;
2560 4806 2620 4843 ac
2641 4792 2799 4843 etiam
2825 4790 3139 4859 Marcellum
3159 4800 3210 4841 et
3235 4788 3650 4856 Exuperantium

2080 4863 2129 4913 in
2157 4863 2382 4928 equuleo
2429 4862 2700 4927 suspendi,
2733 4860 2956 4915 fustibus
3001 4858 3231 4925 graviter
3273 4860 3505 4921 multari,
3554 4876 3653 4911 uu-

2077 4931 2264 4999 gstihus
2289 4931 2493 4996 abradi,
2527 4931 2689 4985 latera
2728 4931 3005 4984 exuStione
3047 4930 3211 4982 assari
3242 4928 3414 4983 donec
3440 4929 3651 4999 emitte-

2076 4997 2196 5053 rent
2221 5001 2486 5066 Spiritum,
2516 5011 2567 5054 et
2596 5015 2814 5068 corpora
2847 5001 2895 5053 in
2928 4998 3141 5051 [luvium
3174 4998 3519 5065 przecipitari;
3548 4997 3649 5051 Sa-

2074 5069 2228 5123 binus
2255 5079 2432 5125 autem
2467 5071 2660 5125 lardum
2703 5072 2753 5123 itt
2784 5084 3052 5124 carcerem
3095 5068 3368 5135 conjectus
3404 5076 3506 5121 est.
3552 5069 3649 5122 Ve-

2076 5141 2352 5193 nustianus
2376 5152 2551 5194 autem
2577 5156 2769 5207 praeses
2793 5141 3069 5193 oculorum
3093 5139 3275 5192 dolore
3296 5150 3498 5205 captus,
3525 5153 3646 5191 cum

2076 5212 2369 5265 remedium
2414 5213 2650 5265 invenire
2678 5210 3021 5278 nequivisset,
3051 5226 3078 5260 a
3107 5209 3302 5262 Sabino
3332 5224 3451 5262 cum
3483 5224 3646 5261 umre

2073 5287 2127 5332 et
2158 5280 2280 5334 ﬁliis
2310 5281 2603 5348 baptizatus
2632 5292 2733 5347 est,
2764 5294 2817 5333 et
2865 5278 3042 5333 statim
3091 5288 3171 5331 est
3222 5280 3427 5347 fugatus
3472 5278 3644 5330 omnis

2073 5350 2345 5404 oculorum
2373 5352 2546 5405 dolor.
2576 5351 2705 5416 Quze
2733 5352 2953 5403 audiens
2987 5349 3351 5410 Maximianus,
3388 5348 3546 5415 jussit
3589 5357 3644 5401 ut

2072 5418 2267 5472 Lucius
2297 5420 2535 5475 tribunus
2570 5420 2945 5474 Venustianum
2974 5434 3094 5472 cum
3127 5435 3289 5471 uxore
3329 5428 3380 5471 et
3414 5416 3534 5469 tiliis
3556 5432 3643 5469 ca-

2073 5488 2177 5555 pite
2232 5498 2528 5556 truncaret,
2586 5501 2825 5543 sanctum
2877 5506 3001 5542 vero
3049 5490 3301 5543 Sabinum
3357 5486 3641 5555 plumbatis

2076 5574 2240 5625 usque
2262 5561 2324 5611 ad
2350 5572 2568 5613 mortem
2598 5561 2844 5613 crederet.
2875 5559 3037 5629 Cujus
3065 5572 3255 5627 corpus
3277 5560 3471 5613 Surena
3495 5556 3643 5625 juxta

2071 5630 2344 5698 Spoletum
2370 5630 2630 5695 sepelivit.
2664 5634 2793 5685 Auo.

2149 5703 2169 5729 θ
2204 5699 2403 5754 Insula.
2437 5702 2552 5767 Oia,
2586 5716 2663 5755 sc.
