4054 6190
403 314 534 370 1147
1426 314 1513 369 AD
1551 309 1946 369 MAR'I'YROL.
1988 309 2188 369 BEDAS
2230 310 2669 368 APPENDICES.
3507 310 3645 364 H48

1664 430 1888 484 EDlTlO
1924 428 2390 485 COLONIENSIS.

463 522 527 575 A.
566 521 712 576 Pam.
760 523 891 579 ΚΑι..
946 525 1066 580 Jan.
1123 556 1192 565 —
1245 526 1426 580 Romae
1477 524 1653 579 natale
1704 524 1962 595 Sylvestri
1999 530 2041 584 Α
2071 523 2411 591 presbyteros
2484 521 2838 591 quadraginta
2906 521 3082 585 duos,
3145 521 3399 576 diaconos
3457 524 3645 590 viginti

392 627 541 682 papa:
565 622 622 668 et
643 613 984 684 confessoris,
1015 617 1103 686 qui
1130 627 1246 686 post
1277 619 1485 671 beatum
1518 617 1729 672 Petrum
1755 614 1962 673 tricesi-

390 717 508 757 mus
533 706 746 771 quintus
766 706 907 760 sedit
932 722 1101 761 annos
1131 707 1310 776 viginti
1338 714 1591 774 quatuor,
1627 719 1839 760 menses
1867 705 1963 758 de-

388 807 525 858 cem,
556 794 671 848 dies
710 797 973 851 undecim.
1024 798 1187 865 Cujus
1235 798 1499 853 industria
1525 798 1761 868 synodus
1811 813 1953 866 pra:-

389 880 680 938 clarissima
711 894 817 939 toto
846 887 975 940 orbe
1005 896 1264 943 terrarum
1297 897 1654 943 trecentorum
1683 888 1869 943 decem
1903 896 1961 943 et

386 987 510 1029 octo
559 977 794 1043 Patrum,
844 979 981 1047 apud
1031 980 1259 1035 Nicaeam
1291 982 1474 1036 urbem
1518 982 1778 1051 Bithyniae
1811 980 1956 1035 cele-

385 1064 584 1130 bratur,
616 1068 713 1122 sub
742 1070 1015 1123 consulatu
1046 1071 1376 1125 Constantini
1429 1071 1651 1141 Augusti
1681 1112 1696 1136 ,
1738 1080 1792 1124 et
1818 1068 1955 1123 Lici-

382 1153 478 1216 nii,
512 1156 664 1208 tertio
688 1155 896 1211 decimo
924 1158 1279 1214 Kalendarum
1308 1160 1591 1214 Juliarinn.
1625 1159 1746 1214 Julii
1775 1166 1953 1211 tamen

382 1255 531 1310 papa:
562 1254 797 1313 tempore
830 1257 1250 1314 consummatur,
1302 1260 1355 1304 et
1382 1250 1655 1304 constituit
1685 1259 1742 1303 ut
1773 1249 1953 1302 nullus

380 1331 606 1389 clericus
634 1347 848 1404 propter
886 1353 1096 1393 causam
1138 1340 1432 1408 quamlibet
1460 1341 1511 1394 in
1542 1341 1743 1394 curiam
1780 1341 1952 1393 intro-

380 1426 507 1493 iret,
540 1445 635 1484 nec
663 1442 785 1487 ante
802 1432 1039 1501 judicent
1067 1451 1277 1490 causam
1306 1437 1525 1502 diceret,
1559 1438 1659 1491 nisi
1688 1446 1743 1490 ut
1767 1437 1947 1491 Eccle-

377 1519 474 1573 siae
505 1530 557 1574 et
585 1523 771 1578 altaris
803 1526 1120 1581 sacriﬁcium
1162 1529 1213 1581 in
1261 1528 1485 1597 sindone
1517 1529 1675 1581 lintea
1705 1528 1951 1581 celebra-

375 1618 476 1666 ret.
510 1611 661 1668 Fecit
690 1626 865 1670 autem
899 1618 1261 1675 ordinationes
1291 1636 1382 1675 sex
1425 1633 1608 1674 mense
1639 1620 1946 1687 Decembri,

2070 611 2324 681 quinque,
2358 611 2640 678 episcopos
2683 626 2777 678 per
2802 611 3013 665 diversa
3044 612 3157 664 loca
3181 612 3455 681 sexaginta
3486 614 3647 681 quin-

2068 716 2191 769 que.
2235 700 2481 766 Sepultus
2535 710 2619 755 est
2671 700 2722 753 in
2765 701 3072 755 cmmeterio
3105 700 3380 767 Priscillae,
3425 704 3505 754 via
3544 703 3647 758 Sa—

2070 792 2227 847 laria.
2274 792 2371 846 llic
2408 791 2683 846 constituit
2710 792 2943 846 chrisma
2974 793 3040 845 ab
3068 793 3317 859 episcopo
3346 796 3559 857 conﬁci,
3589 808 3649 849 et

2067 891 2124 935 ut
2149 880 2469 949 baptizatum
2502 881 2650 935 liniat
2678 885 2975 953 presbyter.
3008 882 3365 937 Eteonstituit
3387 895 3443 938 ut
3466 886 3648 939 nullus

2060 971 2227 1026 laicus
2255 970 2459 1025 crimen
2489 972 2683 1026 audeat
2715 972 2915 1026 inl’erre
2942 973 3009 1027 de
3045 973 3241 1028 clerico
3262 1015 3276 1036 ,
3318 984 3371 1027 et
3398 975 3648 1029 dalmati-

2060 1078 2154 1115 cas
2200 1063 2252 1117 in
2297 1064 2526 1118 ecclesia
2556 1105 2572 1127 ,
2604 1074 2661 1117 ut
2699 1079 2888 1119 eorum
2922 1065 3053 1117 laava
3094 1075 3376 1133 tegeretur,
3412 1067 3640 1127 scilicet,

2058 1153 2430 1209 diaconorum.
2482 1154 2715 1209 Senonis
2744 1165 2943 1208 sancta:
2982 1155 3248 1210 Οῡιιιιιιὺσε
3284 1158 3509 1226 virginis
3537 1157 3643 1209 Sub

2059 1246 2346 1299 Aureliano
2396 1246 2759 1313 imperatore,
2811 1261 2930 1314 qua:
2976 1255 3229 1314 superato
3288 1250 3413 1318 igne
3463 1249 3644 1315 gladio

2056 1352 2190 1391 czesa
2221 1344 2319 1390 est.
2358 1337 2483 1389 ltem
2514 1335 2748 1390 Senonis
2796 1336 3070 1390 beatorum
3116 1336 3297 1391 Sabini
3344 1348 3398 1392 et
3445 1339 3645 1391 Poten-

2061 1430 2207 1491 tiani,
2239 1429 2326 1497 qui
2358 1442 2388 1482 a
2419 1427 2588 1481 bcatis
2617 1427 2883 1496 apostolis
2910 1428 2973 1481 ad
3002 1428 3395 1495 praedicandum
3428 1430 3640 1489 directi,

2058 1518 2334 1588 prml'atam
2366 1518 2551 1572 urbem
2597 1520 2839 1589 martyrii
2882 1520 2962 1573 sui
2990 1520 3347 1593 confessione
3376 1521 3639 1576 illustrem

2062 1614 2328 1666 fecerunt.

1661 1730 1883 1784 EDI'l‘lO
1930 1725 2431 1783 BOLLANDIANA.

449 1813 540 1868 5|.
584 1845 653 1853 -—
702 1815 743 1870 ll
790 1816 924 1871 ΚΑι..
973 1818 1243 1887 Depositio
1278 1820 1336 1875 S.
1368 1830 1394 1857 ει
1423 1821 1659 1876 Silvestri
1690 1821 1943 1891 episeopi.
1982 1823 2026 1881 Β
2053 1816 2257 1871 reliano
2310 1817 2674 1883 imperatore:
2711 1830 2829 1883 qum
2875 1825 3126 1883 superato
3173 1818 3294 1885 igne
3336 1832 3470 1871 czcsa
3528 1832 3635 1874 est.

448 1906 639 1961 Florus
667 1910 925 1976 prmponit
964 1910 1015 1965 in
1046 1911 1113 1966 A.
1143 1911 1205 1966 Τ.
1239 1913 1299 1966 L.
1337 1931 1348 1965 :
1382 1914 1565 1968 Romae
1616 1915 1666 1967 in
1703 1924 1951 1968 cmmete-

383 1998 465 2052 rio
508 1998 800 2067 Priscillae,
851 2003 935 2056 via
985 2004 1206 2059 Salaria.
1264 2005 1464 2060 Deinde
1510 2006 1781 2075 subjungit
1812 2022 1823 2058 :
1855 2004 1956 2069 Qui

382 2089 637 2144 Romanze
683 2092 935 2147 Ecclesia:
986 2103 1105 2162 post
1152 2096 1212 2148 Β.
1262 2095 1478 2150 Petrum
1521 2097 1820 2165 trigesimtts
1851 2104 1956 2150 ter—

378 2181 484 2235 tius
533 2182 779 2251 prmluit,
827 2195 880 2235 et
933 2199 1025 2250 per
1073 2187 1253 2255 viginti
1302 2185 1435 2239 duos
1483 2201 1653 2240 annos
1706 2185 1954 2238 virtutum

378 2272 669 2336 miraculis,
693 2282 747 2327 et
780 2274 1214 2340 praedicationum
1238 2276 1489 2331 doctrinis
1512 2276 1771 2331 mirabilis
1800 2274 1949 2329 rexit.

448 2361 515 2416 Et
546 2366 721 2434 passio
750 2366 805 2422 S.
841 2366 1117 2422 Columbae
1147 2368 1384 2439 virginis,
1416 2370 1678 2433 Senones,
1711 2369 1808 2422 sub
1852 2369 1953 2420 Au-

2128 1907 2189 1960 C.
2222 1905 2311 1968 Υ..
2342 1904 2525 1959 Βοιηω
2549 1905 2630 1959 via
2678 1906 2876 1959 Salaria
2926 1908 2976 1959 in
3023 1909 3329 1960 cmmetorio
3373 1908 3641 1962 Ji-rdano—

2060 1990 2203 2041 rum,
2234 1977 2468 2037 Donata}.
2499 1975 2749 2036 Paulinze,
2777 1975 3115 2036 Rusticiana»,
3147 1978 3513 2039 Nominamlai,
3545 1982 3641 2030 Se-

2061 2045 2595 2119 rolinae,_Saturnini,
2629 2045 2925 2119 Hylariana:
2954 2046 3062 2119 [C.,
3090 2045 3343 2119 Hila_ria_-],
3372 2048 3638 2119 [latini-tat,

2065 2115 2346 2178 Ilertnelis,
2398 2115 2708 2169 Exorcisnr.
2762 2117 2815 2169 ln
2870 2115 3135 2177 provincia
3184 2117 3380 2171 Sirilim
3428 2118 3641 2170 civitate

2061 2185 2438 2238 Catanensium
2487 2184 2775 2249 Stephani,
2829 2186 3091 2246 Pontiani,
3144 2187 3325 2250 Attali,
3379 2187 3637 2244 Flaviani,

2061 2255 2294 2319 Corneli,
2327 2254 2500 2315 Sexti,
2552 2254 2771 2317 Floridi,
2815 2254 3104 2319 Quintiani,
3137 2255 3451 2319 lllenerbini,
3499 2258 3639 2311 Sim-

2068 2324 2332 2392 pltoriani.
2368 2324 2450 2389 8.,
2485 2323 2693 2389 Donati,
2730 2325 2898 2378 Pauli.

1790 2454 1995 2512 SMITH
2036 2453 2264 2510 NOTIE.

446 2544 756 2618 ‘_Silveslri.
788 2547 843 2600 ln
868 2548 1122 2617 Catalogo
1145 2548 1352 2603 Damasi
1383 2549 1576 2618 legitur
1604 2567 1619 2603 :
1650 2568 1667 2600 ι
1697 2550 1954 2618 Silvcstcr

374 2615 527 2665 annis
552 2631 661 2687 xxi,
695 2620 966 2687 mensibus
1004 2615 1077 2671 xl.
1125 2619 1243 2671 Fuit
1282 2615 1612 2687 temporibus
1657 2616 1954 2687 Constantii

378 2698 419 2757 :_i_
436 2684 711 2757 consulatu
743 2686 1009 2757 Volusiani
1049 2697 1102 2741 et
1150 2684 1473 2742 Anniani—ex
1515 2691 1602 2742 die
1640 2689 1808 2757 pridie
1835 2686 1949 2740 Kal.

2060 2546 2263 2600 Cooatu
2291 2546 2548 2601 cbronico
2579 2548 2834 2601 historico
2872 2547 3143 2602 existimat
3172 2548 3223 2600 in
3250 2547 3503 2611 Catalogo
3536 2546 3633 2595 lla-

2063 2615 2192 2686 masi
2244 2617 2523 2685 legendum
2551 2656 2566 2681 ,
2615 2635 2770 2686 usque
2800 2619 2850 2669 in
2877 2620 3008 2671 diem
3034 2618 3200 2685 pridie
3250 2615 3370 2670 Kal.
3414 2616 3635 2686 Jannnr.

2062 2685 2200 2739 Nihil
2236 2695 2409 2741 tamen
2443 2685 2752 2740 mutandum
2787 2690 3023 2751 videtur;
3056 2698 3235 2740 auctor
3263 2688 3401 2741 enim
3432 2685 3637 2751 prwlati

378 2752 536 2825 Febr.
591 2768 760 2822 usque
806 2757 856 2808 in
902 2756 1042 2810 diem
1095 2757 1210 2811 Kal.
1248 2758 1465 2811 Januar.
1515 2752 1863 2810 Constantino
1901 2764 1957 2808 et
1992 2817 2027 2825 _
2060 2754 2300 2825 Catalogi
2331 2756 2563 2809 excludit
2589 2757 2727 2810 diem
2769 2758 2881 2810 Kal.
2916 2757 3131 2812 Januar.
3166 2772 3269 2811 non
3314 2770 3434 2808 vero
3465 2755 3634 2806 inclu-

378 2822 571 2875 Albino
615 2817 779 2892 coss,
820 2844 839 2877 ι
892 2825 945 2881 id
989 2838 1091 2894 est,
1131 2843 1271 2881 anno
1311 2828 1436 2883 355.
1484 2828 1875 2897 Papebrocbins
1902 2827 1951 2879 in
1982 2817 2028 2881 ϐ
2060 2826 2154 2879 dit.
2186 2817 2315 2879 Ac'ta
2346 2824 2462 2894 ejus
2488 2840 2609 2879 sunt
2641 2827 2995 2896 supposililia.

3124 2986 3449 2996 —.—-——_—

372 2976 3633 3013 Wmm

895 3116 1520 3245 APPENDICES
1604 3110 1738 3243 AD
1821 3113 2704 3242 MARTYROWGIUM
2786 3113 3112 3240 BEME.

1807 3303 2145 3317 ——

1550 3379 2069 3459 APPENDIX
2127 3366 2471 3454 PRIMA.

620 3603 1991 3735 KALENDARIUM
2082 3599 3033 3732 ANGLICAN
3071 3598 3325 3725 UM
3384 3682 3423 3745 ,

1010 3836 1181 3897 SIVE
1229 3832 1607 3894 LIBELLUS
1652 3830 1995 3891 ANNALIS
2036 3828 2220 3890 VEN.
2267 3827 2498 3889 BEDAE
2543 3823 3051 3890 PRESBYTER].

1482 3977 1742 4039 (Martem,
1771 3976 1999 4040 Ampliss.
2029 3972 2361 4026 Collect.Vet.
2386 3975 2584 4035 Scripl.]
2672 3950 2675 3953 I

960 4151 1362 4209 JANUARIUS.

491 4247 681 4302 Mensis
702 4243 986 4299 Ianuarius
1015 4245 1162 4298 habet
1190 4247 1296 4299 dies
1325 4260 1477 4311 xxxl,
1508 4246 1682 4299 lunam
1715 4260 1841 4299 xxx.

450 4339 697 4395 Kalendis
722 4336 955 4392 Januarii
997 4338 1331 4392 circumcisio
1362 4340 1570 4393 Domini
1622 4338 1789 4392 nostri
1819 4337 1946 4392 Jestt

2132 4147 2170 4185 ιι
2199 4129 2339 4187 idus.
2372 4131 2554 4187 Natale
2581 4133 2641 4187 S.
2672 4132 2931 4198 Quiriaci,
2964 4132 3217 4187 Moscenti
3244 4138 3296 4184 et
3326 4126 3529 4183 Saturi.

2130 4201 2251 4255 lilus
2271 4202 2531 4257 Januarii.
2563 4207 2776 4256 Octavm
2808 4203 3114 4269 Epiphania:
3154 4213 3207 4253 et
3236 4199 3500 4263 ili-positio
3529 4198 3639 4254 SS.

2056 4272 2423 4324 confessorum
2483 4282 2537 4325 et
2584 4272 2955 4339 episcoporum
3016 4274 3200 4325 llilarii
3231 4311 3245 4335 ,
3311 4270 3539 4336 Remigii
3587 4279 3639 4322 et

2056 4341 2251 4409 Agricii
2282 4341 2637 4397 Trevirensis.

376 4411 572 4499 Οιιιξςιὶ
599 4450 615 4475 ,
647 4419 718 4499 ει.
748 4408 922 4489 natale
950 4406 1119 4460 sancti
1162 4407 1338 4462 Basilii
1390 4409 1742 4473 confessoris,
1771 4422 1826 4463 et
1852 4410 1945 4462 AI-
1978 4440 2027 4499 υ
2109 4406 2214 4463 ’χιχ
2246 4410 2349 4494 kal:
2403 4410 2698 4499 Ecbruarii.
2748 4411 2935 4465 Natale
2977 4412 3034 4466 S.
3087 4409 3277 4466 Felicis
3318 4407 3552 4477 episcopi
3584 4418 3641 4461 et

372 4480 560 4535 machii
589 4480 859 4547 martyris.

440 4569 489 4607 tv
520 4545 1105 4615 nunasJJerosolymis
1138 4555 1337 4601 octavae
1388 4549 1443 4600 8.
1488 4550 1784 4617 Stephani,
1834 4548 1942 4601 An-

374 4622 583 4676 tiochia:
611 4619 833 4675 Sindoni
865 4618 1120 4684 episcopi,
1155 4627 1207 4671 et
1232 4619 1355 4671 alibi
1389 4619 1634 4673 Macharii
1659 4621 1886 4673 abbatis.

441 4708 497 4746 Ill
526 4706 713 4745 nonas.
742 4689 924 4743 Natale
956 4688 1019 4761 AS.
1066 4688 1351 4744 Genovel‘a:
1381 4691 1631 4761 virginis,
1663 4699 1717 4746 et
1742 4692 1801 4745 8.
1836 4693 1942 4744 Att-

370 4763 468 4817 teri
497 4777 643 4831 papae
666 4768 721 4813 et
740 4759 1020 4831 martyris.

444 4828 705 4886 It'nonas.
738 4830 793 4884 ln
826 4828 1002 4883 Africa
1036 4829 1292 4896 Aquilini,
1328 4831 1568 4885 Martiani
1597 4841 1648 4883 et
1678 4832 1878 4897 Quinti.

442 4902 607 4956 Nonis
635 4898 892 4954 Januarii.
930 4900 1111 4969 Vigilia
1158 4901 1466 4967 Epiphania:
1505 4910 1556 4955 et
1589 4903 1854 4971 depositio
1881 4901 1937 4955 8.

367 4970 658 5032 Simeoois,
684 4971 771 5039 qui
805 4971 857 5023 in
888 4972 1134 5023 columna
1163 4973 1334 5025 stetit.

447 5058 537 5094 vttt
575 5042 710 5094 idus.
747 5040 1033 5108 Epiphania
1087 5040 1295 5094 Domini
1350 5042 1516 5095 nostri
1563 5042 1689 5097 Jesu
1718 5040 1937 5107 Christi,

376 5122 432 5168 et
458 5114 514 5168 3.
545 5111 751 5166 Melanii
783 5111 1040 5178 episcopi.

446 5198 515 5238 vn
546 5181 1105 5254 idns.ln_Nicomedia
1154 5181 1367 5236 Luciani
1410 5182 1705 5254 presbyteri
1751 5184 1941 5237 Antio-

372 5253 560 5309 chense
593 5252 859 5305 Ecclesiae.

443 5340 492 5379 vt
522 5323 660 5378 itlus.
695 5320 881 5375 Natale
904 5319 1000 5375 SS.
1033 5330 1329 5392 martyrum
1359 5323 1601 5388 Luciani,
1633 5323 1935 5378 Maximiani

369 5395 723 5547 εξέῗξῖἱῖξῆη
748 5460 923 5517 Africa
956 5461 1203 5531 Epictati,
1234 5465 1479 5530 .locundi,
1516 5465 1719 5531 Quinti,
1751 5466 1940 5520 Satur-

371 5550 499 5657 "Hii;
519 5605 655 5658 idus.
687 5603 871 5674 Natale
893 5605 949 5659 S.
987 5603 1134 5657 Pauli
1171 5606 1324 5674 primi
1358 5607 1618 5660 eremitzc.

376 5674 662 5795 Satlt‘hidus.
696 5673 916 5728 Eductio
946 5675 1149 5729 Domini
1174 5673 1247 5730 dc
1280 5676 1536 5749 1E3ypto.
1589 5688 1643 5731 ct
1673 5679 1847 5733 natale
1878 5677 1935 5734 S.

2052 4485 2297 4549 martyris
2327 4480 2380 4534 in
2408 4482 2599 4536 Pincis.

2120 4546 2244 4605 xviii
2279 4550 2385 4605 kal.
2415 4552 2467 4605 In
2502 4552 2779 4607 Antiochia
2830 4552 2999 4605 Licrri
3044 4550 3254 4604 diaconi
3284 4557 3338 4602 et
3365 4546 3634 4616 depositio

2046 4624 2258 4675 Abacuc
2289 4624 2590 4686 proiihetat.

2116 4708 2220 4745 xvn
2254 4691 2361 4744 kal.
2415 4692 2595 4746 Natale
2636 4693 2696 4745 8.
2749 4690 2979 4746 Marcelli
3032 4705 3216 4759 papaa,
3265 4697 3321 4742 et
3364 4686 3635 4755 depositio

2046 4762 2298 4815 Honorati
2329 4762 2587 4827 episcopi.

2116 4847 2201 4886 xvi
2233 4830 2338 4884 kal.
2369 4825 2555 4885 Natale
2603 4832 2660 4884 S.
2697 4830 2907 4883 Antonii
2951 4829 3193 4884 monachi
3229 4836 3283 4883 et
3309 4827 3368 4883 S.
3402 4825 3635 4894 Sulpicii

2042 4904 2125 4971 epi
2158 4902 2298 4965 copi.
2331 4900 2424 4955 Sol
2466 4906 2514 4953 in
2540 4903 2838 4969 Aquarium.

2114 4988 2180 5025 xv
2210 4971 2315 5024 kal.
2348 4971 2533 5025 Natale
2563 4975 2622 5023 8.
2664 4973 2857 5023 Prisca:
2888 4971 3131 5037 virginis.

2114 5057 2200 5094 xlv
2232 5041 2341 5096 kal.
2376 5039 2560 5095 Natale
2588 5044 2643 5096 8.
2686 5041 2829 5093 Marii
2864 5053 2917 5093 et
2947 5041 3168 5093 Martha:
3197 5049 3516 5107 martyrum.

2116 5128 2206 5165 xttt
2236 5112 2345 5166 kal.
2399 5111 2585 5167 Natale
2630 5112 2689 5166 S.
2746 5110 2967 5164 Fabiani
3009 5118 3063 5165 ct
3092 5108 3396 5163 Sebastiani
3427 5114 3641 5173 marty-

2044 5199 2184 5238 1⁵11111.

2118 5269 2186 5305 xtl
2218 5252 2323 5305 kal.
2355 5252 2538 5306 Natale
2569 5252 2627 5306 S.
2663 5250 2882 5318 Agnetis
2909 5248 3151 5318 virginis.

2118 5340 2168 5376 xI
2193 5322 2299 5376 kal.
2327 5322 2510 5376 Natale
2541 5322 2600 5377 S.
2632 5322 2895 5374 Vincentii
2926 5320 3195 5389 martyris.

2118 5410 2146 5448 x
2181 5394 2285 5445 kal.
2322 5393 2508 5448 Natale
2556 5393 2616 5448 S.
2666 5382 3081 5446 Emerentiauaa'
3104 5386 3321 5456 virginis
3347 5395 3404 5442 et
3432 5385 3490 5441 S.
3524 5382 3639 5437 Ma-

2046 5465 2212 5519 cltarii
2245 5463 2515 5532 martyris.

2119 5552 2167 5587 ix
2202 5533 2307 5590 kal.
2344 5523 2527 5588 Natale
2575 5532 2633 5587 S.
2687 5531 2853 5585 Babili
2897 5528 3134 5600 episcopi
3177 5537 3232 5582 et
3268 5526 3455 5581 Trium
3491 5523 3633 5578 Pue-

2047 5622 2248 5662 rorttm.

2117 5691 2206 5728 vni
2239 5673 2345 5727 kal.
2376 5673 2561 5729 Natale
2587 5675 2645 5730 8.
2682 5669 2926 5744 Praejecti
2959 5668 3230 5741 martyris,
3262 5676 3317 5723 et
3342 5662 3635 5722 conversio

2047 5750 2103 5803 S.
2138 5746 2281 5800 l‘ttttli
2310 5747 2554 5813 apostoli.
