4054 6190
421 326 554 381 {IPSO

650 454 753 507 DE
821 450 1066 504 LOCIS
1121 451 1229 503 SS.
1301 447 1770 501 MARTYBUM

697 557 814 605 QII/ﬁ
853 556 984 593 SUNT
1024 554 1171 592 FURIS
1208 553 1466 591 CIVITATIS
1504 551 1681 590 ΒΟΜιΕ.

489 635 721 688 Primum
756 633 940 685 Petrus
971 632 1021 682 in
1049 638 1194 693 parte
1232 627 1541 680 occidentali
1572 626 1803 680 civitatis
1831 627 1978 691 juxta

418 707 556 759 viam
603 702 900 756 Corneliam
948 700 1009 751 ad
1056 698 1353 750 milliarium
1393 697 1612 763 primunt
1665 698 1715 748 iu
1761 711 1980 760 corpore

421 774 743 842 requiescit,
796 782 850 842 et
897 768 1208 842 pontiﬁcalis
1261 770 1430 842 ordo,
1489 774 1708 842 excepto
1763 780 1981 842 munero

422 836 609 910 pauco,
644 843 695 894 in
723 836 908 910 eodem
943 839 1056 890 loco
1086 839 1134 910 in
1166 838 1361 910 tumhis
1406 836 1628 910 propriis
1675 836 1973 910 requiescit.

425 906 495 967 lbi
538 906 747 980 quoque
784 908 930 978 juxta
974 907 1386 980 eamilemviam
1419 906 1571 957 sedes
1600 915 1681 980 est
1718 906 1983 971 apostolo-

421 975 577 1045 rum';
625 975 680 1035 et
736 975 910 1031 mensa
960 988 1014 1031 et
1063 976 1324 1029 recubitus
1371 990 1554 1028 eorum
1607 975 1674 1027 de
1721 989 1983 1045 marmore

425 1044 749 1117 {aetatisque
779 1048 929 1101 hodie
959 1055 1232 1117 apparent.
1261 1045 1433 1117 Mensa
1461 1059 1706 1117 quoque,
1731 1044 1886 1117 modo
1909 1044 1983 1095 al-

423 1130 556 1183 tare,
588 1114 738 1187 quam
789 1118 972 1169 Petrus
1022 1116 1261 1187 manibus
1299 1114 1597 1187 suis_lecit,
1643 1114 1832 1187 ibidem
1865 1122 1979 1173 est;

420 1193 568 1259 juxta
607 1182 850 1259 eamdem
890 1200 1099 1259 quoque
1129 1183 1597 1259 _viamdS._lluliua
1624 1220 1639 1243 ,
1680 1182 1741 1259 81ζ
1781 1182 1981 1259 scelio-

423 1251 488 1313 da
514 1302 527 1325 ,
571 1259 629 1311 8.
675 1258 830 1310 Maria
859 1297 873 1319 ,
906 1251 971 1306 ’8.
1017 1254 1245 1325 Marius,
1277 1254 1332 1305 8.
1376 1251 1610 1325 Ambacu
1636 1292 1650 1315 ,
1691 1251 1776 1325 _S._
1803 1251 1983 1325 A_uda-_

424 1320 525 1381 fax.
562 1338 615 1381 et
662 1326 747 1378 alii
790 1342 942 1391 quam
990 1323 1195 1389 plurimi
1238 1323 1403 1374 sancti
1446 1320 1647 1391 jacent,
1691 1321 1811 1373 Inde
1848 1320 1982 1391 haud

425 1399 607 1465 procul
636 1400 685 1449 in
716 1390 923 1448 sinistra
956 1392 1305 1465 manu,_jux;ta
1334 1391 1468 1465 viain
1494 1390 1757 1465 Aureliam
1784 1390 1986 1465 S.‘Pro-

424 1459 623 1527 cessus,
678 1466 734 1517 8.
784 1465 1085 1523 Martiauus,
1128 1462 1182 1514 S.
1233 1460 1560 1521 Pancratius,
1609 1459 1665 1513 8.
1712 1459 1981 1522 Paulinus,

428 1541 486 1593 8.
521 1538 840 1594 Arthcmius.
875 1536 931 1585 8.
968 1530 1131 1591 Felix,
1162 1530 1217 1583 8.
1246 1531 1489 1591 Calistus,
1523 1530 1577 1583 8.
1610 1530 1836 1594 Caloptts
1864 1544 1985 1581 cum

429 1607 607 1659 multis
638 1606 823 1668 Sepulti
850 1602 1043 1669 jacent.
1088 1600 1242 1653 Juxta
1279 1600 1413 1651 viam
1457 1614 1581 1652 vero
1622 1600 1985 1669 Portueusem,

427 1691 544 1744 qua:
571 1684 623 1726 et
648 1675 758 1744 ipsa
793 1668 1185 1744 iuoci'ilcntali
1225 1670 1630 1744 civita_tis__parte
1659 1678 1760 1744 est,
1882 1668 1987 1744 Ab-

1390 316 1477 369 Λῖ)
1514 314 1908 370 MtBTYBOL.
1952 311 2151 365 BENE
2196 312 2630 367 APPENDICES.

2008 425 2054 483 Λ
2087 427 2273 482 miunt,
2303 422 2505 485 Petrus,
2536 419 2893 477 Marcellinus.
2920 420 3206 485 Tiburtius,
3241 422 3334 476 88.
3371 441 3466 477 xxx
3500 430 3640 480 ritili-

3508 315 3637 370 H30

2087 500 2185 550 tes,
2213 492 2528 556 Gorgonius.
2561 492 2851 550 Genuiutt~',
2899 492 3173 552 Maximus,
3204 507 3253 543 tv
3285 494 3552 558 Coronati,
3589 498 3640 552 id

2080 569 2180 621 est,
2207 561 2472 631 Claudius,
2496 560 2859 631 Nicostratus,
2892 558 3311 625 Simpronianus,
3342 562 3639 631 Castorius,

2080 630 2383 689 Simplicius
2431 648 2441 680 :
2492 630 2557 681 ibi
2606 638 2688 681 est
2723 629 2772 679 in
2811 632 3009 692 eruptis
3050 631 3149 682 sub
3196 639 3331 683 terra
3363 629 3640 688 innumera

2080 708 2372 766 martyrum
2405 699 2688 751 multitudo
2719 699 2922 765 sepulta
2948 698 3145 763 jacent.
3186 700 3348 753 Juxta
3379 704 3515 756 viam
3551 705 3639 756 Ti-

2082 768 2342 819 bttrtiltam
2372 769 2596 820 ecclesia
2624 776 2707 820 e~t
2734 768 2793 822 8.
2827 768 3030 833 Agapiti
3061 770 3278 821 multum
3314 773 3639 827 honorabilis

2082 846 2372 905 martyrum
2402 838 2711 903 corporibus
2737 848 2788 889 et
2817 852 2978 904 prope
3007 839 3249 891 eamdem
3291 841 3430 893 viam
3463 844 3641 895 eccle-

2083 908 2157 957 sia
2188 916 2273 977 est
2307 905 2364 957 8.
2416 906 2680 959 Laurentii
2712 905 2900 973 major,
2949 907 2999 957 in
3025 922 3125 973 qua
3156 923 3348 975 corpus
3380 910 3498 977 ejus
3528 914 3643 973 pri-

2082 990 2226 1050 mum
2258 976 2426 1050 fuerat
2450 977 2740 1050 humatum,
2764 986 2820 1050 et
2841 977 2907 1027 ibi
2934 976 3150 1050 basilica
3183 994 3313 1050 nova
3342 976 3487 1032 mira:
3511 984 3636 1050 pul-

2089 1044 2419 1115 chritudinis,
2446 1046 2531 1115 ubi
2560 1044 2858 1115 ipsemodo
2886 1046 3189 1115 requiescit.
3225 1048 3283 1100 Hi
3307 1044 3639 1115 quoque-sub

2082 1114 2268 1186 eodem
2297 1116 2461 1186 altare
2504 1113 2760 1186 Abundus
2787 1122 2868 1186 est
2896 1114 3166 1186 depositus
3192 1126 3243 1169 et
3271 1113 3400 1169 foris
3432 1113 3481 1169 in
3516 1134 3636 1186 por-

2086 1184 2186 1234 ticu
2216 1183 2346 1247 lapis
2368 1185 2569 1251 est,qui
2593 1183 2871 1250 aliquando
2901 1184 2948 1235 in
2979 1187 3117 1235 collo
3146 1186 3382 1251 ejusdem
3419 1183 3635 1243 Abuudi

2086 1251 2344 1322 pendebat
2373 1254 2423 1305 iu
2454 1265 2665 1314 puteum
2696 1253 2841 1322 missi
2893 1268 2907 1304 :
2949 1252 3015 1303 ibi
3048 1253 3343 1318 llereneus,
3374 1255 3637 1322 Julianus,

2086 1321 2405 1391 Primitivus,
2434 1324 2677 1383 Taeteus,
2709 1320 3018 1384 Nemeaeus,
3055 1324 3341 1391 Eugenius,
3380 1320 3637 1387 Justinus,

2083 1390 2505 1462 Crescentianus,
2532 1392 2819 1462 Romanus,
2838 1401 2960 1442 sunt
2988 1390 3201 1455 sepulti,
3223 1405 3277 1446 et
3305 1396 3363 1447 8.
3394 1395 3635 1462 Cyriaca,

2087 1460 2142 1513 S.
2176 1460 2476 1531 Syml’erosa
2508 1470 2561 1512 et
2584 1460 2787 1513 Justiua
2814 1474 2932 1511 cum
2964 1464 3142 1531 multis
3169 1460 3489 1531 martyribus
3519 1475 3638 1517 sunt

2085 1530 2297 1603 sepulti.
2323 1530 2525 1603 Indein
2554 1532 2775 1603 Boream
2807 1544 3017 1603 sursum
3050 1530 3099 1581 in
3134 1530 3347 1583 basilica
3378 1534 3433 1586 8.
3462 1532 3641 1603 Hypo-

2088 1597 2164 1650 Iiti
2196 1608 2295 1671 est,
2332 1601 2414 1651 ubi
2448 1602 2559 1665 ipse
2584 1598 2931 1671 cumfamilia
2971 1613 3077 1671 sua
3099 1609 3227 1671 tota.
3262 1615 3400 1655 xvutt
3442 1597 3639 1671 marry.

2089 1682 2194 1730 res,
2224 1668 2405 1732 jacet:
2437 1683 2621 1721 carcer
2653 1669 2723 1718 ibi
2753 1676 2837 1719 est
2858 1670 2907 1717 in
2930 1682 3033 1733 quo
3058 1668 3151 1720 fuit
3182 1670 3509 1723 Laurentius.
3546 1668 3642 1724 ll'ic

428 1736 530 1798 dou
557 1752 610 1798 et
636 1736 694 1797 8.
723 1742 945 1802 Senues,
1082 1739 1235 1791 Milex
1275 1747 1326 1818 et
1356 1739 1416 1818 S_1
1445 1739 1763 1818 Yiueenti‘us,
1882 1736 1983 1816 Po-
2020 1761 2062 1818 Β
2091 1746 2171 1815 est
2196 1738 2443 1797 Tritonia,
2472 1752 2603 1818 uxor
2626 1736 3033 1818 Decii_Cresaris,
3066 1738 3337 1818 etCyrilla
3360 1740 3462 1792 lilia
3491 1740 3644 1818 ejus;

433 1818 558 1876 lion,
590 1814 646 1867 S.
677 1812 863 1876 Julius,
894 1812 947 1862 8.
984 1811 1235 1877 Pymeon,
1276 1805 1332 1859 S.
1378 1806 1546 1877 Felix,
1577 1804 1983 1877 S.ASimplicius.

428 1886 485 1942 S.
534 1883 834 1941 Faustinus,
880 1880 943 1933 8.
998 1875 1249 1931 Beatricis
1296 1876 1582 1929 dormiunt.
1631 1875 1687 1929 In
1722 1888 1867 1943 parte
1896 1890 1993 1927 au-

431 1953 574 2006 strali
608 1952 833 2005 civitatis
857 1948 1005 2017 juxta
1029 1951 1163 1997 viam
1187 1948 1481 2017 Ostiensem
1510 1945 1702 1999 Paulus
1722 1946 1995 2013 apostolus

430 2037 653 2089 corpore
703 2015 884 2086 pausat
926 2028 977 2089 et
1001 2017 1326 2089 ATimotlteus
1364 2015 1651 2089 episcopus
1681 2024 1735 2089 et
1774 2023 1993 2089 martyr,

432 2084 629 2159 dequo
674 2084 913 2159 meminit
963 2087 1093 2139 liber
1136 2086 1401 2159 Silvestri,
1444 2084 1639 2159 ibidem
1671 2084 1913 2159 dormit;_
1946 2093 1999 2135 et

430 2154 555 2214 ante
606 2160 828 2212 frontem
870 2157 1105 2224 ejusdem
1152 2156 1381 2207 basilica:
1420 2156 1707 2224 oratorium
1754 2162 1836 2207 est
1882 2154 1998 2224 Ste-

431 2230 589 2299 phani
620 2222 909 2299 martyrisﬁ
932 2226 1085 2292 Lapis
1114 2224 1206 2299 ibi.
1237 2239 1340 2299 quo
1371 2223 1639 2299 lapidatus
1670 2232 1749 2278 est
1772 2222 2000 2299 Stepha-

436 2292 554 2364 itus,
576 2313 735 2363 super
759 2292 929 2349 altare
957 2305 1035 2348 est
1061 2293 1416 2361 positus.lude
1441 2294 1582 2364 haud
1608 2292 1790 2364 procul
1809 2293 1857 2344 in
1884 2308 1995 2345 me-

438 2362 1045 2423 ridiemmonasterium
1094 2374 1174 2417 est
1223 2368 1385 2430 Aquae
1429 2362 1655 2425 Solvite,
1707 2363 1794 2415 ubi
1844 2370 2000 2428 caput

432 2442 489 2492 8.
522 2436 785 2490 Anastasii
816 2446 918 2495 est.
949 2448 997 2487 et
1033 2433 1179 2485 locus
1204 2433 1288 2485 ubi
1330 2430 1622 2487 decollatus
1660 2440 1741 2485 est
1791 2431 1994 2484 Paulus.

442 2510 607 2573 Prope
636 2520 847 2573 quoque
879 2505 1106 2573 basilica:
1139 2503 1283 2573 Pauli
1328 2502 1549 2573 ecclesia
1594 2502 1647 2555 S.
1696 2502 1995 2573 Teelm‘est,

436 2578 522 2630 tibi
549 2570 681 2643 ipsa
727 2570 947 2640 corpore
981 2572 1167 2643 jacel._
1192 2572 1257 2624 Et
1296 2587 1400 2643 non
1442 2571 1595 2641 longe
1629 2571 1749 2624 inde
1777 2570 2000 2643 ecclesia

436 2648 493 2701 8.
526 2640 711 2698 Felicis
755 2653 857 2705 est,
888 2643 971 2694 ubi
1000 2642 1113 2709 ipse
1139 2641 1349 2700 dormit,
1381 2655 1498 2693 cum
1546 2640 1669 2709 quo,
1703 2640 1911 2708 quando
1937 2640 2000 2691 ad

437 2716 629 2769 caelum
678 2712 960 2780 migravit,
1010 2710 1205 2776 pariter
1250 2710 1562 2780 prOperabat
1612 2710 1899 2780 Atlauctus,
1951 2718 2003 2761 et

437 2786 594 2838 ambo
625 2777 961 2849 requiescunt
1006 2782 1055 2832 in
1096 2794 1197 2831 uno
1230 2780 1364 2849 loco.
1398 2778 1469 2849 lb_i
1497 2794 1703 2845 quoque
1729 2788 1782 2831 et
1812 2777 2004 2849 Nome-

436 2868 557 2907 seus
589 2846 786 2920 martyr
814 2865 932 2902 cum
962 2850 1198 2920 plurimis
1235 2847 1394 2920 jacet.
1433 2846 1586 2920 Juxta
1633 2849 1767 2899 viam
1800 2847 2006 2920 Arden-

440 2926 598 2976 tiuam
627 2916 848 2973 ecclesia
879 2928 959 2972 est
996 2919 1051 2971 8.
1086 2917 1437 2979 Ρειτοιιειιως
1470 2918 1538 2969 ibi
1566 2932 1772 2984 quoque
1818 2918 1873 2969 8.
1905 2916 1999 2967 Ne-

440 3008 561 3045 reus
589 3000 643 3044 et
671 2989 727 3043 8.
758 2990 1024 3042 Achilleus
1051 2996 1195 3048 sunt,
1226 2996 1278 3040 et
1319 2986 1428 3054 ipsa
1470 2987 1761 3040 Petronella
1792 2985 2001 3052 sepulti.

438 3060 506 3115 Et
536 3075 696 3129 prope
726 3057 964 3112 eamdem
991 3059 1126 3129 viam
1163 3056 1228 3129 8.
1279 3056 1695 3129 Damasuspapa
1732 3053 2002 3129 depositus

439 3123 815 3184 est'et’sornr
864 3128 976 3193 ejus
1022 3127 1259 3187 Martha;
1311 3134 1365 3177 et
1413 3124 1463 3176 in
1501 3125 1600 3177 alia
1644 3123 1857 3176 basilica
1898 3138 2003 3178 non

442 3202 595 3266 longe
626 3199 830 3251 Marcus
853 3206 905 3249 et
935 3194 1295 3266 sterce_llianus
1320 3204 1439 3245 sunt
1463 3193 1734 3266 honorati;
1761 3194 2006 3266 etadhuc

441 3270 491 3321 iu
524 3262 622 3319 alia
653 3266 875 3319 ecclesia
919 3264 1052 3315 alius
1096 3262 1300 3314 Marcus
1340 3277 1458 3313 cum
1491 3262 1791 3315 Marcellino
1820 3264 1870 3314 in
1913 3264 2007 3315 ho-

442 3351 569 3390 nore
596 3336 833 3388 habetur.
864 3333 1016 3386 Juxta
1050 3330 1186 3382 viam
1228 3331 1448 3399 Appiam
1498 3334 1546 3383 iu
1587 3331 1827 3384 orientali
1863 3342 2007 3397 parte

440 3407 672 3459 civitatis
714 3404 937 3456 ecclesia
981 3410 1058 3452 est
1115 3410 1309 3452 sancta:
1358 3398 1876 3469 Suterisimartyris.
1918 3401 2003 3454 ubi

442 3479 552 3543 ipsa
581 3491 699 3529 cum
732 3472 906 3543 multis
931 3470 1250 3543 tumrtyribus
1275 3473 1417 3536 jacet
1437 3486 1470 3543 ;Δ
1495 3478 1550 3543 et
1573 3468 1719 3543 juxta
1752 3468 2004 3543 eamdem

444 3538 580 3598 viam
610 3542 834 3597 ecclesia
864 3550 945 3594 est
968 3540 1025 3594 S.
1060 3539 1189 3593 Sixti
1224 3555 1391 3606 papm,
1422 3538 1506 3589 ubi
1539 3539 1649 3604 ipse
1677 3538 1892 3591 dormit.
1935 3539 2008 3593 lbi

442 3629 653 3683 quoque
692 3611 905 3683 Cmcilia
953 3610 1098 3676 virgo
1139 3616 1344 3683 pausat,
1380 3616 1428 3661 et
1474 3607 1542 3661 ibi
1574 3606 1928 3683 S.._'l:arsicius
1955 3617 2010 3661 et

534 3675 810 3737 Gerefmus
840 3681 891 3733 in
922 3675 1261 3732 nuo’tumulo
1286 3676 1463 3745 jacent
1498 3687 1585 3731 :et
1631 3675 1702 3729 ibi
1744 3678 1799 3731 8.
1844 3680 2009 3731 Euse-

447 3755 563 3805 bius
592 3763 645 3805 et
670 3752 726 3805 8.
761 3750 1049 3803 Colocerus
1078 3759 1128 3800 et
1167 3750 1225 3802 8.
1259 3746 1570 3801 Parthenius
1598 3761 1689 3813 per
1713 3748 1900 3815 singuli
1922 3746 2008 3816 ja-

446 3832 586 3886 cent,
608 3832 659 3875 et
680 3834 807 3875 nccc
831 3830 1087 3887 martyres
1117 3817 1306 3870 ibidem
1340 3817 1695 3887 requiescunt.
1725 3817 1847 3870 lude
1874 3818 2008 3869 haud

447 3894 625 3962 procul
652 3892 701 3943 in
720 3885 1042 3962 ,cmmeterio
1068 3888 1205 3939 Calis
1242 3885 1523 3962 Cornelius
1545 3892 1598 3939 et
1639 3885 1930 3962 Cyprianus
1959 3890 2007 3939 in

447 3956 668 4014 ecclesia
699 3958 992 4012 dormiunt.
1024 3960 1179 4008 Juxta
1205 3957 1443 4009 eamdem
1478 3956 1615 4007 viam
1664 3958 1886 4009 ecclesia
1930 3967 2011 4008 est

448 4032 729 4084 multorum
777 4037 1100 4086 sanctorum.
1140 4026 1189 4077 id
1235 4033 1335 4090 est,
1382 4024 1639 4089 Januarii,
1685 4026 1773 4093 qui
1815 4027 1907 4079 fuit
1946 4026 2011 4079 de

447 4111 648 4166 septem
682 4098 802 4151 liliis
833 4095 1118 4166 Felicitatis
1146 4093 1313 4166 major
1362 4106 1508 4166 natu,
1536 4095 1752 4166 U_r_baui,
1780 4096 2007 4166 Agapiti,

452 4162 781 4229 Felicissimi,
825 4166 1026 4233 Cyriui,
1074 4164 1303 4217 Zenonis
1349 4164 1522 4219 fratris
1575 4162 1867 4228 Valentini,
1919 4162 2009 4220 Ti-

451 4238 629 4299 burtii,
666 4232 946 4296 Valeriani,
979 4246 1031 4288 et
1059 4234 1205 4287 nmlti
1248 4244 1505 4303 martyres
1538 4232 1605 4287 ibi
1652 4235 2008 4301 requiescunt.

451 4308 516 4360 Et
531 4308 682 4376 juxta
707 4304 946 4360 eamdem
971 4308 1105 4358 viam
1133 4304 1352 4376 ecclesia
1374 4312 1457 4357 est
1476 4303 1533 4357 8.
1559 4303 1850 4376 Sebastiani
1874 4319 2012 4376 mar-

449 4374 596 4445 tyris,
633 4378 716 4429 ubi
747 4376 856 4441 ipse
889 4376 1080 4429 dormit
1112 4391 1124 4425 :
1160 4374 1245 4427 ubi
1274 4382 1398 4425 sunt
1423 4375 1709 4445 sepultura:
1746 4375 2014 4443 apostolo-

2096 1808 2229 1858 inter
2259 1817 2505 1872 utrasque
2552 1806 2843 1859 Concordia
2879 1816 2932 1857 et
2972 1808 3027 1859 8.
3071 1804 3359 1871 Geneseus,
3398 1820 3453 1862 et
3499 1804 3648 1862 multi

2095 1886 2352 1944 martyres
2397 1877 2463 1928 ibi
2505 1884 2645 1928 sunt.
2687 1876 2844 1929 Juxm
2879 1876 3014 1928 viam
3066 1877 3447 1931 Nomentanam
3478 1890 3562 1933 est
3592 1880 3649 1934 8.

2094 1943 2403 2017 Nicomedes
2445 1952 2500 2017 et
2524 1944 2671 2017 juxta
2701 1946 2939 2017 eamdem
2972 1945 3106 1998 viam
3136 1947 3345 2001 basilica
3378 1948 3435 2001 8.
3475 1948 3651 2017 Agnes

2097 2012 2243 2086 mira:
2276 2013 2688 2086 pulchritudinis,
2711 2015 2807 2086 ubi,
2827 2016 2935 2078 ipsa
2965 2018 3355 2085 corporejacet,
3385 2012 3654 2086 propeque

2098 2082 2165 2134 ibi
2213 2099 2362 2135 Soror
2400 2084 2511 2149 ejus
2544 2083 2912 2136 Emerentiaua
2944 2100 2959 2137 :
3007 2086 3056 2135 iu
3087 2082 3395 2139 alia'tameu
3438 2082 3649 2141 basilica

2097 2152 2307 2205 dormit.
2350 2152 2423 2205 lbi
2455 2168 2662 2220 quoque
2702 2154 2753 2204 in
2783 2152 3029 2219 singulari
3060 2155 3282 2207 ecclesia
3309 2158 3648 2217 Constantia,

2096 2222 2433 2292 Constantini
2467 2224 2592 2292 lilia,
2652 2222 2956 2289 requiescit,
2988 2233 3307 2290 sanctusque
3337 2226 3657 2292 Alexander,

2098 2290 2156 2345 S.
2193 2290 2400 2356 Felicis,
2435 2292 2493 2346 S.
2524 2290 2701 2358 Papia,
2734 2293 2791 2345 8.
2829 2292 3026 2354 Victor,
3052 2302 3107 2345 et
3134 2295 3223 2346 alii
3253 2296 3401 2348 multi
3433 2296 3501 2347 ibi
3533 2290 3660 2348 dor;

2102 2363 2289 2414 miunt.
2318 2362 2468 2414 Juxta
2501 2363 2639 2413 viam
2673 2362 2926 2415 Salariam
2957 2362 3175 2415 ecclesia
3206 2375 3288 2417 est
3317 2366 3371 2418 8.
3410 2364 3659 2417 Felicita-

2102 2433 2186 2493 tis,
2223 2432 2306 2501 uhi
2342 2433 2449 2499 ipsa
2478 2430 2619 2499 jacet
2644 2445 2673 2483 c
2695 2445 2862 2493 irpore
2898 2448 2909 2481 :
2945 2430 3013 2483 ibi
3038 2441 3091 2484 et
3122 2433 3353 2486 Sillanus
3381 2435 3516 2486 (ilius
3546 2434 3659 2501 ejus

2102 2514 2234 2551 UIIUS
2256 2500 2321 2553 de
2337 2516 2404 2552 νη
2428 2511 2511 2553 est
2533 2501 2788 2567 sepultus,
2805 2510 2859 2553 et
2882 2501 3179 2554 Bonifacius
3202 2518 3321 2557 cum
3344 2505 3519 2557 multis
3541 2500 3660 2557 san-

2101 2574 2197 2621 ctis
2229 2569 2296 2621 ibi
2319 2569 2607 2623 dormiunt.
2635 2569 2786 2623 Juxta
2818 2570 3053 2623 eamdem
3086 2572 3223 2624 viam
3253 2573 3310 2626 8.
3346 2574 3658 2627 Saturninus

2101 2652 2220 2709 eum
2244 2640 2421 2692 multis
2436 2640 2750 2706 martyribus
2761 2640 2951 2691 dormit
2970 2657 2979 2689 :
3002 2655 3267 2709 propeque
3286 2644 3355 2695 ibi
3370 2643 3423 2696 8.
3442 2644 3660 2696 Alexan-

2102 2708 2199 2760 der
2219 2719 2269 2760 et
2295 2711 2350 2762 8.
2378 2709 2587 2779 vitalis,
2604 2718 2919 2776 sanctusque
2938 2708 3212 2775 Martialis,
3227 2713 3313 2779 qui
3336 2722 3452 2765 sunt
3476 2724 3580 2765 tres
3592 2713 3659 2765 de

2104 2791 2307 2848 septem
2335 2777 2453 2830 liliis
2482 2777 2766 2848 Felicitatis
2786 2779 3107 2848 cummultis
3129 2777 3438 2848 martyribus
3458 2782 3658 2848 jacent.

2108 2846 2180 2897 lbi
2213 2857 2265 2899 et
2292 2862 2361 2899 vtt
2412 2848 2660 2913 virgines,
2696 2846 2745 2899 id
2767 2856 2866 2910 est,
2898 2846 2961 2915 8.
2988 2846 3418 2903 8³ιιιηιὶηειέι8.
3445 2846 3662 2915 Hilaris,

2106 2915 2161 2967 8.
2199 2916 2545 2979 Dominanda,
2567 2915 2627 2969 S.
2650 2914 2912 2977 Serotiua.
2942 2914 2998 2970 8.
3016 2918 3251 2983 Paulina,
3278 2920 3333 2972 S.
3357 2920 3573 2982 Donata,
3604 2922 3660 2973 8.

2108 2985 2400 3052 Rogantiua
2428 2986 2780 3052 requiescunt.
2808 2985 2960 3038 Juxta
2983 2990 3223 3040 eamdem
3254 2990 3383 3040 viam
3408 2992 3663 3043 Salariam

2110 3053 2167 3124 8.
2196 3055 2444 3108 Silvester
2474 3054 2757 3124 requiescit
2778 3064 2830 3108 et
2852 3054 3107 3124 aliiquam
3135 3058 3363 3124 plurimi,
3396 3060 3442 3110 id
3472 3068 3573 3120 est,
3602 3058 3663 3112 S.

2109 3123 2443 3194 leestinus,
2473 3123 2531 3176 8.
2555 3124 2898 3194 Potentiania,
2920 3122 2976 3177 8.
2997 3122 3263 3194 Praxeilis,
3283 3130 3338 3181 S.
3371 3129 3666 3194 Marcellus,

2109 3191 2164 3245 S.
2191 3192 2615 3257 Crescenttanus,
2640 3192 2696 3245 8.
2727 3193 2955 3258 Maurus,
3006 3193 3061 3248 8.
3091 3195 3437 3259 Mareelliuus.
3459 3196 3518 3251 S.
3555 3191 3669 3251 Pri;

2108 3276 2220 3329 sca,
2239 3262 2534 3334 S.Paulus,
2551 3260 2613 3317 8.
2638 3261 2823 3334 Felicis
2839 3278 2974 3334 unus
2993 3266 3057 3317 de
3079 3276 3303 3330 septem.
3319 3268 3374 3320 8.
3398 3267 3670 3334 Philippus

2110 3346 2246 3385 unus
2289 3332 2354 3385 de
2372 3340 2603 3403 septem.
2636 3330 2705 3403 8.
2752 3328 3067 3396 Semelrius,
3099 3328 3154 3387 et
3190 3335 3240 3386 in
3278 3353 3377 3389 uua
3402 3328 3669 3403 sepultura

2109 3416 2337 3455 CCCLX".
2368 3402 2469 3454 Per
2496 3401 2734 3454 eamdem
2767 3417 2975 3469 quoque
3003 3405 3139 3455 viam
3173 3407 3379 3458 venitur
3400 3401 3477 3458 ad
3496 3411 3666 3460 eccle-

2110 3473 2238 3523 siam
2269 3470 2327 3524 S.
2360 3471 2669 3523 Michahelis
2691 3511 2704 3534 ,
2738 3471 2967 3539 septimo
2996 3473 3224 3525 milliaro
3253 3477 3317 3527 ab
3345 3474 3504 3529 Urbe.
3548 3476 3674 3530 lude

2111 3541 2249 3593 haud
2284 3541 2465 3609 procul
2510 3542 2561 3592 in
2609 3542 2977 3613 occidentem,
3007 3541 3157 3610 juxta
3190 3546 3350 3607 viam,
3381 3549 3433 3613 in
3469 3547 3673 3613 emptis

2111 3612 2209 3663 sub
2242 3620 2377 3663 terra
2410 3625 2544 3663 Lxxx
2570 3609 2816 3679 gradibus
2850 3609 2907 3664 8.
2958 3609 3261 3675 Pamphilus
3301 3624 3355 3667 et
3400 3609 3675 3667 Candidus

2110 3688 2427 3752 sanetusque
2470 3678 2782 3752 Cyprianus,
2811 3694 2929 3735 eum
2962 3682 3138 3734 multis
3170 3683 3485 3752 martyribus
3511 3685 3673 3751 jacet.

2113 3749 2177 3820 [ἐι
2207 3750 2327 3820 inde
2368 3750 2419 3802 in
2473 3749 2801 3804 occidentem
2842 3752 3177 3805 tendentibus
3207 3749 3428 3820 apparet
3458 3749 3673 3806 basilica

2110 3818 2166 3873 S.
2208 3819 2443 3882 Hermes,
2473 3820 2558 3871 ubt
2593 3820 2705 3887 ipse
2735 3830 2933 3888 martyr
2972 3822 3133 3887 jacet.
3168 3818 3257 3875 lbi
3286 3832 3409 3875 sunt
3444 3821 3504 3876 S.
3534 3824 3676 3875 Cris-

2113 3905 2207 3957 pus
2228 3888 2348 3941 etS.
2366 3888 2690 3943 Herculanus
2711 3900 2763 3942 et
2790 3889 2845 3941 S.
2862 3890 3242 3945 Maximilianus
3264 3902 3314 3945 et
3334 3891 3389 3947 S.
3416 3894 3674 3946 Βειδηοςελ

2112 3970 2163 4011 et
2189 3961 2245 4030 8.
2272 3959 2575 4013 Jaciucthus
2603 3967 2656 4012 et
2691 3958 2749 4012 S.
2787 3960 3068 4030 Protusiet
3114 3958 3171 4013 S.
3214 3962 3515 4030 Le0pardus
3552 3978 3672 4015 cum

2114 4029 2291 4081 multis
2322 4030 2639 4099 martyribus
2664 4030 2877 4099 sepulti.
2914 4029 3037 4083 lude
3061 4044 3165 4083 non
3199 4029 3353 4099 longe
3380 4041 3461 4086 est
3488 4036 3540 4085 in
3570 4046 3665 4084 oe-

2111 4100 2319 4152 cideute
2362 4098 2585 4153 ecclesia
2632 4098 2689 4151 8.
2745 4098 2963 4152 Joannis
3022 4098 3311 4169 martyris,
3376 4100 3465 4154 ubi
3514 4110 3672 4169 caput

2117 4172 2231 4236 ejus
2277 4170 2326 4220 iu
2359 4170 2459 4220 alio
2489 4170 2605 4223 loco
2634 4169 2732 4221 sub
2762 4174 2928 4222 altare
2965 4171 3198 4236 ponitur,
3230 4174 3279 4224 in
3318 4172 3421 4224 alio
3452 4185 3664 4236 corpus,

2113 4240 2181 4291 itu
2214 4240 2271 4292 8.
2302 4239 2556 4304 Diogenes
2580 4249 2633 4291 et
2661 4238 2718 4292 8.
2748 4238 2916 4292 Sistus
2942 4251 2993 4292 et
3018 4243 3073 4291 8.
3104 4239 3379 4294 Liberatus
3397 4251 3450 4294 et
3470 4238 3528 4293 8.
3557 4241 3675 4293 Bla-

2112 4309 2223 4361 sius
2270 4317 2324 4359 et
2372 4306 2430 4360 S.
2491 4308 2699 4360 Maurus
2755 4319 2810 4361 et
2850 4307 2908 4362 8.
2955 4308 3187 4377 Longina
3244 4322 3411 4364 mater
3461 4309 3676 4364 Joannis

2116 4388 2237 4430 sunt
2258 4378 2466 4443 sepulti.
2496 4378 2618 4430 lude
2640 4391 2802 4446 prope
2828 4382 2979 4445 juxta
3004 4379 3139 4430 viam
3168 4379 3488 4433 Flamiueam
3516 4395 3670 4445 appa-

451 4434 595 4518 ᾔυιηζ
642 4450 691 4497 in
735 4434 925 4512 quibus
956 4461 1019 4497 xi.
1048 4458 1213 4518 annos
1250 4434 1696 4518 quieverunt._lbi
1722 4434 1930 4518 quoque
1960 4452 2014 4497 et
2044 4434 2091 4491 Ι)
2119 4459 2197 4500 ret
2237 4434 2456 4500 ecclesia
2490 4434 2708 4501 mirili'ce
2739 4434 2940 4502 'oruata
3006 4450 3063 4501 8.
3101 4447 3357 4502 Valentini
3408 4434 3672 4518 martyris,

450 4516 674 4586 Cyrinus
705 4511 903 4583 martyr
930 4524 1010 4586 est
1034 4513 1289 4586 sepultus.
1334 4511 1432 4565 Per
1458 4512 1696 4565 eamdem
1727 4527 1849 4586 vero
1878 4513 2011 4586 viam

453 4581 754 4653 pervenitur
782 4581 855 4636 ad
877 4583 1131 4637 Albanam
1162 4581 1436 4653 civitatem,
1457 4591 1509 4635 et
1538 4596 1630 4648 per
1672 4583 1911 4653 eamdem
1940 4582 2016 4636 ci-

452 4650 663 4709 vitatem
694 4656 758 4705 ad
785 4653 1063 4707 ecclesiam
1103 4653 1160 4705 8.
1199 4652 1491 4714 Senatoris,
1526 4654 1611 4702 ubi
1654 4659 1710 4704 et
1758 4650 2012 4720 Perpetua

452 4726 589 4793 jacet
633 4738 856 4791 corpore
902 4732 956 4775 et
993 4722 1252 4793 innumeri
1306 4722 1472 4793 sancti
1520 4730 1572 4774 et
1621 4734 1808 4793 magna
1857 4725 2017 4775 mira-

457 4791 577 4846 bilia
610 4796 802 4848 ibidem
831 4803 1101 4861 geruntur.
1134 4791 1288 4846 Juxta
1326 4792 1463 4843 viam
1495 4804 1623 4861 vero
1658 4792 1894 4844 Latinam
1929 4806 2016 4845 ec-

453 4865 609 4917 clesia
640 4875 719 4918 est
760 4866 813 4917 8.
840 4860 1114 4924 Gordiani,
1167 4862 1253 4914 ubi
1296 4863 1406 4926 ipse
1449 4875 1567 4914 cum
1608 4860 1771 4913 fratre
1810 4861 2018 4929 Epima-

452 4934 554 4985 cho
578 4936 625 4987 in
651 4950 750 4987 una
776 4936 1040 4999 sepultura
1069 4931 1366 4999 requiescit.
1392 4931 1463 4983 lbi
1487 4944 1695 4998 quoque
1715 4930 1942 4996 Quartus
1965 4938 2019 4984 et

455 5004 678 5067 Quintus
705 5022 716 5054 :
749 5004 819 5055 ibi
851 5004 1101 5070 Sulpitius
1128 5013 1179 5054 et
1208 5000 1536 5053 Serviliauus
1563 5009 1616 5053 et
1650 5001 1705 5053 8.
1744 5000 1935 5067 8ονΙιίίι
1967 5009 2021 5054 et

456 5073 774 5139 'l‘rophimus
811 5088 927 5125 cum
962 5072 1139 5124 multis
1163 5071 1480 5140 martyribus
1510 5071 1697 5137 sepulti
1728 5070 2015 5135 dormiunt,

456 5152 510 5195 et
550 5144 695 5209 juxta
740 5145 974 5196 eamdem
1010 5142 1157 5194 viam
1205 5140 1539 5203 Tertulliani,
1588 5154 1640 5193 et
1681 5140 1894 5192 basilica
1932 5142 2018 5193 ubi

459 5213 572 5279 ipse
609 5226 727 5265 cum
763 5213 942 5265 uutltis
981 5211 1298 5280 martyribus
1327 5210 1474 5280 jacet
1506 5231 1524 5280 :7
1551 5211 1771 5262 ecclesia
1810 5224 2019 5277 quoque

458 5278 514 5335 8.
549 5282 797 5350 Eugeniae
820 5281 965 5347 juxta
992 5278 1273 5334 eam'viam
1298 5278 1415 5347 est,
1443 5279 1529 5333 ubi
1563 5283 1673 5347 ipsa
1699 5294 1817 5332 cum
1851 5288 2022 5332 matre

458 5366 551 5403 sua
574 5353 624 5404 iu
651 5367 753 5404 uno
776 5352 975 5403 tumulo
1002 5350 1139 5419 jacet
1165 5368 1178 5402 :
1214 5350 1283 5403 ibi
1312 5350 1370 5406 8.
1401 5351 1705 5417 Stephanus
1734 5364 1865 5416 papa
1896 5364 2018 5402 cum

459 5429 568 5474 toto
600 5422 743 5475 clero
764 5436 862 5475 suo
906 5434 1127 5473 numero
1158 5435 1355 5473 xxxvltt
1394 5429 1654 5489 martyres
1686 5436 1698 5469 :
1735 5420 1805 5472 ibi
1834 5422 1890 5471 8.
1922 5419 2021 5472 Ne-

460 5507 691 5554 nteseus,
722 5494 779 5546 8.
802 5490 1116 5556 Ulimphius,
1142 5489 1199 5543 8.
1227 5491 1578 5556 Simprouius,
1603 5491 1659 5543 8.
1692 5490 2019 5553 'l‘heodulus,

460 5562 516 5613 8.
546 5561 819 5627 Superius,
877 5561 937 5615 8.
965 5559 1227 5612 Ubloteris
1247 5598 1261 5622 ,
1300 5560 1355 5612 8.
1389 5559 1791 5624 'l‘iburtieanus,
1822 5568 2022 5627 marty-

463 5643 544 5697 res
571 5641 692 5682 sunt
718 5632 925 5697 sepulti.
961 5629 1112 5683 Juxta
1138 5628 1273 5681 viam
1304 5643 1429 5682 vero
1459 5628 1771 5682 Lavicanam
1793 5631 2019 5683 ecclesia

464 5696 519 5747 8.
554 5700 762 5752 Helena:
784 5696 875 5754 ubi
906 5701 1016 5769 ipsa
1043 5697 1445 5766 corporejacet.
1479 5699 1549 5751 lbi
1581 5700 1750 5753 sancti
1778 5698 1863 5753 isti
1896 5701 2019 5752 dor-

2118 4518 2201 4569 ubi
2243 4519 2354 4639 ilpse
2395 4532 2620 4585 corpore
2656 4519 2796 4584 jacet
2840 4530 2893 4572 et
2931 4518 3082 4570 multi
3132 4520 3301 4572 sancti
3334 4519 3526 4573 ibidem
3557 4528 3679 4571 sunt

2118 4601 2243 4639 senu
2274 4602 2330 4639 ιι.

2116 4601 2330 4655 εθνυιιι.

2248 4714 2381 4753 ιετάς
2412 4715 2545 4753 VERO
2584 4714 2850 4755 ECCLEShE
2878 4716 3029 4756 INTUS
3061 4718 3215 4755 BON£
3247 4717 3548 4756 HABENTUR.

2192 4792 2416 4847 Basilica
2451 4793 2901 4864 Constantiniana,
2949 4811 3068 4864 quae.
3110 4807 3162 4850 et
3205 4793 3517 4859 Salvatoris,
3567 4791 3680 4861 ipsa

2118 4878 2329 4933 quoque
2357 4864 2416 4918 S.
2448 4863 2666 4915 Joannis
2688 4864 2898 4916 dicitur.

2191 4934 2411 4986 Basilica
2435 4947 2553 5000 quae
2579 4935 2875 4999 appellatur
2905 4935 2962 4986 8.
2999 4934 3157 4988 Maria
3191 4935 3373 5001 Major.

2194 5004 2415 5056 Basilica
2458 5018 2577 5071 qua:
2616 5005 2907 5069 appellatur
2935 5004 2992 5057 S.
3047 5008 3350 5070 Anastasra,
3383 5003 3468 5056 ubi
3498 5016 3687 5055 cruces

2119 5081 2405 5127 servantur
2428 5087 2546 5140 qua:
2574 5083 2850 5140 portantur
2880 5089 2972 5141 per
2996 5077 3269 5128 stationes.

2195 5141 2417 5212 Basilica
2449 5157 2564 5208 qua:
2591 5152 2809 5195 vocatur
2839 5143 2899 5194 8.
2922 5142 3081 5196 Maria
3113 5146 3361 5212 Antiqua.

2196 5211 2415 5264 Basilica
2445 5226 2563 5279 quat
2589 5213 2885 5279 appellatur
2913 5212 2968 5265 8.
2996 5213 3155 5267 Maria
3188 5211 3454 5268 [{Otunda.

2196 5280 2419 5335 Basilica
2445 5295 2565 5349 quae
2602 5282 2899 5349 appellatur
2929 5282 2987 5337 S.
3020 5283 3179 5336 Maria
3211 5282 3641 5337 Trans-Tiberio
3670 5295 3684 5333 ξ

2122 5348 2207 5421 ibi
2226 5352 2511 5421 estimago
2550 5351 2605 5403 8.
2640 5348 2841 5416 Marim,
2873 5367 2990 5419 quae
3019 5369 3109 5421 per
3134 5369 3191 5408 se
3221 5352 3355 5406 facta
3385 5362 3489 5407 est.

2122 5420 2415 5542 plBlasilica
2466 5434 2585 5489 quae.
2633 5422 2943 5490 appellatur
2987 5420 3349 5492 apostolorum
3400 5420 3581 5475 Jacobi
3626 5430 3680 5470 et

2185 5506 2217 5542 ιι
2245 5506 2368 5542 inm.

2185 5506 2368 5557 ttuppt.

2198 5560 2417 5613 Basdica
2450 5576 2565 5629 (pste
2604 5562 2899 5627 appellatur
2924 5561 3142 5619 Joannis
3170 5572 3223 5618 et
3255 5561 3424 5627 Pauli,
3458 5560 3543 5613 ubi
3585 5558 3684 5625 ipsi

2124 5632 2281 5681 ambo
2313 5632 2363 5682 iu
2397 5646 2499 5683 uno
2531 5637 2729 5683 tumulo
2750 5634 2948 5698 jacent.

2201 5700 2419 5754 Basilica
2451 5717 2566 5768 qua:
2598 5705 2890 5768 appellatur
2919 5704 2974 5757 8.
3015 5702 3221 5757 (ἶοδηκε
3253 5710 3303 5756 et
3332 5699 3590 5754 Damiaui.
