4054 6190
389 289 515 346 1161

1484 290 1869 348 CIIBONlCON
1908 292 2462 359 ANTIQUISSIMUM.

3506 301 3641 354 "6'2

455 400 680 476 Basilica
702 414 817 476 qum
844 399 1143 469 appellatur
1171 400 1231 455 S.
1262 398 1556 467 Laurentii,
1581 402 1668 457 ubi
1700 401 1955 457 craticula
1992 408 2037 466 Α
2139 405 2361 460 Basilica
2394 420 2510 474 quze
2544 406 2838 476 appellatur
2879 406 2938 463 S.
2971 405 3246 475 Stephani.

383 471 621 538 ejusdem
652 470 894 524 habetur.

456 540 677 593 Basilica
707 556 824 609 quae
855 540 1152 607 appellatur
1180 541 1243 593 ad
1282 539 1499 595 Vincula
1541 540 1708 607 Petri,
1743 542 1832 597 ubi
1864 543 1957 597 lia-

382 609 537 665 bctur
563 620 744 664 catena
773 626 872 678 qua
901 612 1085 663 Petrus
1119 611 1333 678 ligatus.

457 680 682 733 Basilica
711 696 828 746 quae
853 682 1153 747 appellatur
1177 682 1242 732 ad
1276 680 1334 734 S.
1368 680 1687 735 Atlrianum.

452 748 670 803 Basilica
700 765 817 817 qua:
849 750 1146 816 appellatur
1174 750 1477 815 Grisogoni.

454 819 677 872 Basilica
708 820 1151 886 qttte‘appellatur
1178 820 1234 873 S.
1266 821 1578 875 Clementis.

452 888 676 941 Basilica
706 903 823 957 quae
845 890 1147 957 appellatur
1178 892 1236 946 S.
1265 893 1506 957 Agatltm.

399 988 1501 1011 Μ

2137 476 2359 546 Basilica
2390 492 2460 545 qu
2481 495 2508 526 η
2545 478 2843 546 appellatur
2872 477 2931 532 S.
2972 477 3152 533 Marci.

2137 545 2361 601 Basilica
2395 561 2510 615 qua!
2531 548 2824 614 appellatur
2860 547 2916 600 S.
2952 547 3259 601 Marcellini.
3342 580 3347 581 ί

2138 615 2359 669 Basilica
2382 632 2499 684 qum
2523 618 2818 683 appellatur
2843 616 2899 671 S.
2931 617 3199 671 Michaelis
3226 617 3559 685 archangeli.

2144 685 2366 739 Basilica
2394 686 2451 740 S.
2484 687 2737 741 Bonifacii
2785 695 2964 750 mart.,
3007 687 3093 740 ubi
3126 690 3239 756 ipse
3264 686 3483 741 dormit.

2139 756 2191 827 In
2218 757 2299 809 liis
2327 756 2575 811 omnibus
2606 756 2840 811 basilicis
2868 771 2960 825 per
2982 766 3127 811 certa
3158 768 3394 826 tempora
3429 758 3637 827 publica

2068 826 2229 880 statio
2257 827 2485 894 geritur.

1654 1077 2161 1155 APPENDIX
2223 1075 2375 1151 IlI.

1035 1244 1126 1336 in
1202 1247 2086 1361 carouicou‘sequeus
2166 1243 2421 1340 Maii
2492 1241 2930 1338 monitum.

445 1389 558 1444 .Iam
590 1390 677 1443 diu
725 1390 957 1445 v'deram
1007 1390 1060 1443 in
1107 1391 1291 1446 codice
1342 1392 1457 1448 Vat.
1512 1394 1747 1448 Palatino
1776 1395 1945 1449 Cltro-
1983 1402 2025 1457 [3
2056 1394 2347 1457 Britannia,
2378 1406 2537 1458 quam
2567 1405 2726 1452 nunc,
2770 1388 2955 1451 patuit.
3000 1387 3077 1440 Α⁴Ι
3110 1387 3390 1458 ι’θηιίίιιιοιί
3423 1388 3636 1451 Winei.

380 1463 536 1534 nicon
567 1462 807 1534 Latinum
852 1460 1153 1526 quoddun;
1188 1477 1356 1530 neque
1398 1474 1571 1517 tamen
1622 1469 1684 1517 ad
1716 1465 1830 1534 ejus
1858 1482 1950 1518 cu-

377 1532 592 1604 randam
642 1532 929 1604 editionem
975 1546 1132 1604 curas
1183 1546 1328 1585 mnus
1367 1532 1782 1604 converte-aur:
1827 1538 1946 1604 quia

376 1602 616 1667 quamvis
660 1606 824 1655 codex
878 1600 1051 1652 littera
1103 1601 1643 1671 Bomattaiquadrata
1696 1600 1946 1671 scripius,

375 1672 440 1723 ad
470 1674 721 1724 saecttlnm
754 1672 967 1724 circiter
994 1679 1238 1724 octavum
1282 1670 1590 1726 referendus
1628 1675 1716 1739 sit,
1761 1670 1924 1728 nihilo

375 1742 551 1792 minus
579 1741 695 1809 ejus
719 1742 968 1793 Latinitas
985 1741 1137 1794 valde
1162 1744 1384 1809 squalet,
1408 1742 1536 1806 imo,
1565 1754 1619 1796 ttt
1641 1756 1785 1798 certe
1811 1762 1948 1799 nunc

374 1810 1254 1890 iuncodicedegitur,_spltecismis
1300 1812 1592 1867 innumeris
1637 1825 1691 1867 et
1720 1815 1947 1890 incredi.

376 1880 464 1932 bili
512 1878 863 1953 mendositate
910 1878 1132 1953 laborat.
1198 1879 1421 1953 Fructus
1467 1899 1675 1953 quoque
1719 1886 1949 1939 historia:

374 1964 684 2022 raronovus
719 1950 950 2022 videtur,
997 1949 1118 2022 quia
1148 1950 1308 2003 multa
1339 1953 1519 2018 scripti
1554 1949 1673 2019 pars
1704 1956 1752 2008 in
1781 1970 1946 2022 expo-

375 2019 562 2073 nendis
594 2021 794 2087 trapice
825 2020 1111 2088 evangelici
1160 2032 1333 2074 testus
1380 2023 1510 2074 locis
1541 2032 1804 2076 versatur.
1842 2019 1944 2078 lm-

374 2100 673 2155 peratormn
722 2093 938 2143 demum
992 2091 1253 2156 prtecipue
1302 2092 1571 2160 catalogus
1601 2095 1947 2149 intolerandis

370 2169 539 2211 scatet
564 2160 849 2213 erroribus.
905 2160 1148 2213 Attamen
1199 2162 1391 2213 eximia
1442 2164 1640 2215 codicis
1688 2174 1939 2228 vetustas,

367 2244 547 2297 quam,
568 2229 763 2291 utdixi,
788 2228 1249 2299 scripturasgenus
1270 2230 1487 2292 suadet;
1515 2245 1763 2299 praeterea
1778 2234 1945 2287 (Ἂν-ο-

369 2301 486 2373 stici
508 2300 761 2373 terminus
812 2298 863 2351 itt
894 2313 1032 2350 nono
1061 2297 1250 2373 Jttstini
1280 2297 1677 2373 Juniorisanno
1722 2304 1944 2373 (Christi

368 2367 495 2436 57l)
513 2370 817 2442 conclusus,
842 2383 957 2442 qua:
981 2383 1067 2423 res
1093 2368 1479 2442 cltronograplti
1511 2367 1938 2442 :etatern'ipsius-

368 2453 470 2505 que
511 2439 900 2512 lucubrationis
947 2440 1452 2512 tenipusdeuotare
1514 2439 1777 2509 videtur,
1821 2447 1941 2512 quia

372 2524 439 2580 ne
461 2508 523 2560 ad
555 2518 719 2559 totum
744 2506 1177 2580 quidemilustitti
1206 2525 1421 2580 regnum
1447 2506 1766 2575 extenditur,
1798 2506 1939 2580 quod

368 2578 464 2631 fuit
487 2592 745 2649 annorum
779 2579 1029 2649 tredecim
1059 2595 1073 2643 ;
1120 2577 1283 2649 rhzrc,
1328 2579 1537 2648 inquam
1568 2623 1582 2642 ,
1640 2587 1768 2636 tanti
1799 2577 1939 2649 apud

367 2663 454 2701 tne
507 2648 752 2708 fuerunt,
803 2656 859 2701 ut
903 2648 1069 2701 breve
1115 2648 1215 2701 hoc
1252 2649 1553 2703 Clll‘OtIit'Otl
1611 2648 1939 2716 (reformatis

365 2726 567 2788 tantum
615 2718 898 2788 identidem
942 2719 1186 2771 dictionis
1230 2721 1556 2788 gravissimis
1601 2726 1913 2778 stilmt'ismis

367 2726 567 2769 tantum
615 2725 898 2771 identidem
942 2725 1186 2771 dictionis
1230 2725 1556 2788 gravissimis
1601 2725 1936 2791 stilms'ismis)

367 2786 448 2839 bis
481 2786 760 2841 voluminis
792 2789 892 2841 mei
928 2789 1145 2855 pagellis
1177 2790 1488 2841 trademlum
1541 2807 1677 2843 nunc
1708 2809 1936 2847 censue-
1968 2763 2013 2826 Ο

362 2856 496 2908 rint:
539 2857 828 2931 praesertim
853 2874 973 2931 cum
1004 2860 1147 2931 rudis
1177 2859 1438 2912 interdum
1460 2862 1745 2931 antiquitas
1776 2865 1942 2931 magis

364 2940 520 2993 quam
555 2928 711 2993 polita
745 2929 951 2979 novitas
982 2929 1206 2993 plaet-at.

436 2994 550 3048 .lam
578 3000 677 3049 sub
703 2997 853 3049 initio
882 2997 1117 3071 quidem,
1141 3006 1194 3051 et
1225 3012 1345 3051 mox
1381 3013 1496 3066 cap.
1520 3000 1573 3065 4,
1602 3000 1939 3071 chronogra-

364 3064 498 3132 pbus
530 3076 727 3139 noster,
761 3077 943 3139 contra
966 3068 1246 3139 Scotorum
1273 3064 1567 3136 systemata
1602 3064 1940 3139 cauouesﬂne

364 3136 640 3209 cltrouicos
681 3135 882 3209 styltun
925 3136 1103 3200 acuit;
1137 3152 1255 3205 quae
1287 3135 1371 3193 res
1402 3141 1529 3193 mihi
1577 3135 1937 3209 suspicionem

362 3207 580 3273 ingerit,
614 3206 835 3271 Anglum
872 3206 1010 3259 hunc
1057 3222 1174 3261 esse
1205 3209 1473 3264 hominem
1507 3212 1585 3265 rel
1612 3206 1815 3265 Celtam
1850 3223 1939 3266 aut

365 3275 883 3349 Francigenam,‘qui
913 3277 1148 3349 ﬁnitimis
1174 3279 1306 3341 suis,
1361 3291 1416 3331 ut
1445 3283 1520 3345 lit,
1574 3284 1653 3334 vel
1685 3285 1940 3349 proximis

367 3347 722 3419 olilinquatur.
757 3345 913 3419 Certe
942 3345 1231 3416 Anglorum
1258 3360 1346 3400 ant
1370 3345 1812 3419 Eraucigenarum
1847 3354 1938 3405 La-

356 3416 558 3473 litt.tas,
589 3414 883 3483 cujuSmtitli
912 3432 1001 3482 per
1030 3414 1087 3469 ea
1119 3427 1351 3481 tempora
1384 3414 1584 3481 fuerit:
1605 3422 1783 3473 videre
1815 3424 1940 3474 licet

360 3484 412 3557 in
448 3485 664 3557 Virgilio
689 3488 1055 3557 grammatico,
1082 3486 1133 3539 in
1166 3485 1469 3542 Fntninibus
1500 3490 1791 3557 ltespericis
1816 3499 1863 3553 α,
1894 3500 1947 3545 et

365 3556 414 3606 itt
444 3556 592 3626 lexici
643 3556 761 3607 novi
810 3557 1059 3625 prologis,
1093 3571 1227 3626 ‘quze
1258 3573 1352 3609 nos
1381 3562 1577 3626 scripta
1604 3556 1732 3613 alibi
1763 3560 1937 3613 edidi-

364 3640 499 3695 mus.
549 3623 681 3676 Nutu
707 3640 839 3695 vero
868 3623 1048 3679 noster
1075 3623 1521 3695 Chrouograpltus
1564 3639 1751 3683 contra
1780 3629 1939 3683 Beda:

357 3690 430 3743 de
456 3708 546 3746 sex
574 3694 821 3747 a'tatibus
856 3696 1035 3748 mundi
1068 3690 1335 3749 recentem
1369 3690 1493 3752 tunc
1541 3699 1733 3752 librum
1770 3702 1947 3753 insur-

359 3762 479 3828 git?
519 3764 734 3838 sentum
766 3767 855 3838 ab
876 3766 1090 3838 homine
1128 3766 1449 3835 Francigenzt
1484 3770 1585 3822 dici
1618 3770 1814 3822 Bedam
1846 3785 1942 3838 pa-

364 3847 478 3887 rum
514 3834 741 3887 mirarer
771 3835 891 3900 quia
926 3834 1205 3889 Scotorum
1237 3834 1521 3904 appellatio
1552 3838 1707 3893 latius
1734 3834 1860 3892 oliui
1892 3842 1943 3892 in

2059 1468 2193 1516 Beda
2223 1466 2402 1531 utique
2430 1469 2577 1514 sexta
2622 1460 2802 1512 mundi
2832 1467 2989 1511 tetate
3020 1465 3197 1510 natum
3228 1457 3497 1531 Christum
3540 1461 3631 1519 ait,

2052 1544 2209 1601 negat
2253 1530 2467 1594 tamen,
2522 1544 2616 1595 pro
2661 1543 2757 1583 suo
2796 1536 3122 1601 systemate,
3196 1539 3318 1601 tunc
3368 1530 3632 1601 expletam

2054 1597 2215 1658 fuisse
2260 1611 2464 1656 sextam
2491 1609 2698 1653 :etatem
2726 1616 2739 1661 ;
2789 1614 2858 1665 qu
2885 1614 2914 1651 n
2939 1598 3043 1649 imo
3070 1598 3309 1651 eamdem
3342 1611 3400 1650 se
3428 1597 3635 1652 vivente

2051 1674 2226 1727 adhuc
2251 1675 2332 1741 agi
2360 1680 2543 1725 censet
2569 1686 2581 1732 ;
2612 1669 2695 1741 cui
2730 1678 2923 1741 noster
2945 1682 3063 1733 cap.
3100 1666 3167 1741 2i
3198 1668 3398 1721 diserte
3434 1682 3637 1741 acma-

2050 1737 2307 1813 gn0pcre'
2334 1739 2666 1813 contradicit.
2718 1738 2820 1793 Sed
2869 1740 3009 1791 enim
3055 1737 3337 1790 molestum
3390 1738 3517 1790 mihi
3550 1753 3637 1792 est

2052 1810 2101 1866 in
2155 1813 2236 1867 his
2286 1810 2687 1880 quaestiunculis
2738 1820 2946 1874 tempus
2995 1816 3192 1872 terere,
3240 1821 3374 1877 quas
3406 1818 3531 1874 opto
3581 1821 3637 1860 ut

2053 1883 2243 1937 melius
2275 1882 2464 1945 aliquis
2491 1896 2582 1946 per
2612 1880 2774 1931 otium
2807 1880 3034 1931 evolvat.

2126 1952 2228 2007 Sed
2271 1952 2399 2005 illud
2456 1952 2669 2003 demum
2718 1948 3121 2000 admirationem
3172 1961 3342 1999 meam
3406 1947 3636 2001 maxime

2049 2024 2362 2085 commovit,
2415 2022 2555 2088 quod
2593 2021 2732 2072 hunc
2771 2017 3245 2084 Clironograph-im
3293 2018 3342 2088 in
3370 2017 3632 2084 prioribus

2048 2094 2236 2147 decem
2266 2087 2526 2158 capitulis,
2572 2100 2623 2143 et
2675 2090 2725 2142 in
2763 2089 3143 2149 imperatorum
3196 2087 3460 2155 catalogo,
3508 2100 3628 2139 cum

2051 2165 2269 2216 nemine
2326 2163 2491 2229 magis
2537 2158 3236 2229 consentientemcomperi
3288 2172 3444 2229 quam
3508 2172 3629 2210 cum

2048 2234 2235 2286 Graeco
2269 2226 2474 2285 Joanne
2504 2230 2685 2282 Malala
2738 2227 2916 2297 (etith
2970 2228 3199 2295 ipsamet
3248 2226 3406 2279 verba
3454 2241 3625 2293 quan-

2048 2303 2223 2370 doque
2254 2304 2633 2370 interpretatur
2655 2312 2701 2370 et
2729 2296 2999 2370 egprimit)
3030 2297 3288 2370 vel__certe
3316 2305 3632 2370 (ξυιυς-ηοω-

2049 2362 2192 2427 ribus
2238 2372 2305 2425 ab
2354 2362 2454 2425 hoc
2500 2369 2722 2422 laudatis
2753 2362 3046 2431 Cletuente,
3089 2365 3405 2432 Theophila,
3445 2362 3627 2417 Trino-

2048 2443 2192 2505 tlteo,
2233 2452 2286 2496 et
2314 2440 2563 2495 Eusebio.
2612 2438 2746 2504 Quid
2778 2436 2941 2490 inde?
2986 2438 3118 2490 Num
3165 2435 3249 2489 hic
3273 2435 3491 2489 Latinus
3525 2438 3633 2487 An-

2045 2513 2251 2579 gligeua
2288 2515 2363 2565 vel
2418 2510 2741 2578 Frtncigeua
2784 2507 3025 2562 Graecum
3061 2505 3629 2579 Antioch-ani_hla_l_al:e

2046 2574 2181 2649 opus
2220 2581 2390 2635 vidit?
2440 2582 2589 2635 Mitto
2615 2574 2759 2631 nunc
2788 2578 3203 2649 controversiam
3236 2576 3371 2628 inter
3396 2574 3627 2649 llodium

2047 2646 2202 2717 atque
2218 2651 2464 2705 Cavmum
2492 2649 2794 2705 ventilatatu
2819 2648 2886 2699 de
2913 2648 3110 2700 Malalm
3126 2656 3311 2708 male;
3344 2661 3443 2713 qua
3466 2646 3629 2698 etiam

2049 2716 2245 2775 omissa
2275 2764 2289 2788 ,
2340 2736 2525 2791 parum
2583 2721 2712 2772 mihi
2762 2719 3037 2791 videbatur
3080 2716 3391 2791 verisimile,
3428 2717 3635 2791 "Antio:-

2046 2782 2286 2845 clteumn'
2327 2782 2461 2844 haud
2513 2790 2685 2857 magni
2737 2789 2964 2840 nominis
2994 2798 3268 2840 auctorem
3309 2787 3373 2857 ad
3423 2782 3620 2857 Oceani

2050 2863 2223 2915 littora
2253 2871 2344 2914 ant
2374 2860 2573 2915 insulas
2601 2856 2706 2927 jam
2738 2866 2847 2911 tum
2884 2861 3181 2921 perva-isse
3209 2872 3223 2921 ;
3252 2856 3373 2927 etsi
3404 2856 3626 2927 omnino

2046 2942 2230 2999 postea
2265 2932 2539 2999 pervasit;
2588 2924 2815 2995 namque
2846 2928 3044 2979 Malalte
3074 2940 3224 2999 opus
3248 2926 3384 2999 in'er
3412 2924 3627 2999 codices

2048 2995 2362 3056 Bodleianos‘
2391 3003 2441 3053 in
2473 3000 2655 3065 Anglia
2688 3009 2952 3067 repertum
2978 3006 3078 3061 est,
3123 2995 3261 3049 unde
3298 2997 3461 3067 editio
3488 3009 3621 3063 qun-

2044 3087 2146 3137 qtte
2178 3071 2431 3124 ntanavit.
2463 3069 2571 3123 Nec
2603 3070 2726 3122 illud
2753 3065 3085 3135 ignoramus,
3126 3067 3262 3137 quod
3290 3065 3630 3137 mediomvo,

2046 3133 2318 3196 mirabiles
2368 3139 2535 3209 magis
2565 3133 2886 3199 narratores,
2937 3136 3231 3203 cujusmodi
3282 3147 3361 3209 est
3394 3133 3634 3209 Malalas,

2047 3214 2130 3265 vel
2165 3227 2420 3264 novarum
2461 3205 2642 3263 rerum
2674 3217 2952 3268 auctores,
3004 3222 3159 3275 quant
3193 3205 3365 3259 severi
3412 3206 3636 3272 sanique

2048 3281 2284 3335 historici
2319 3283 2415 3348 legi
2447 3282 2706 3333 solebant.
2753 3278 2960 3345 Aliotini
2994 3278 3209 3329 (lucens
3243 3276 3402 3328 libros
3434 3275 3634 3348 iu_Gal-

2051 3353 2117 3403 lia
2150 3362 2297 3405 certe
2324 3345 2511 3403 Carolo
2558 3349 2718 3403 Calvo
2762 3356 3039 3413 regnante,
3085 3348 3213 3399 Satis
3263 3357 3415 3397 notos
3447 3345 3629 3405 fuisse,

2052 3422 2419 3474 demonstrant
2464 3420 2683 3474 Joannis
2714 3419 2853 3469 Scoti
2906 3420 3034 3469 varii
3071 3418 3294 3473 labores,
3347 3422 3401 3467 et
3429 3413 3629 3466 Graiae

2057 3489 2250 3557 linguai
2286 3490 2468 3555 peritia
2494 3506 2508 3551 ;
2540 3489 2606 3540 de
2634 3503 2737 3553 quo
2770 3486 2983 3540 homine
3006 3502 3100 3537 nos
3127 3486 3423 3557 ditimusiu
3450 3491 3636 3557 quinto

2056 3552 2398 3612 classicorum
2432 3560 2543 3610 AA.
2575 3552 2861 3619 volumine,
2889 3557 2973 3607 ubi
3004 3564 3240 3619 poemata
3274 3554 3436 3620 ipsius
3463 3552 3633 3604 helle-

2057 3630 2284 3682 nismum
2339 3626 2633 3682 redolentia
2684 3627 2763 3677 vel
2819 3624 2991 3691 potius
3038 3624 3290 3692 jactamia
3345 3623 3632 3674 edidimus.

2055 3698 2187 3753 Nolo
2234 3700 2395 3768 igitur
2444 3697 2642 3768 diutius
2692 3694 3011 3768 conjecturis
3061 3694 3372 3768 indulgere;
3434 3692 3631 3745 etenim

2056 3771 2223 3822 Latini
2258 3764 2667 3835 Clironograplii
2698 3781 2818 3818 cum
2867 3765 3052 3819 Graeco
3083 3764 3269 3817 Malztla
3314 3775 3633 3816 consensum

2054 3840 2268 3894 Scholia
2298 3850 2477 3893 nostra
2510 3852 2633 3890 mox
2663 3836 3122 3889 demonstrabant.

433 3932 455 3958 ³
506 3922 779 3989 Hesperien
809 3927 1003 3992 famine
1034 3926 1229 3981 videsis
1260 3927 1458 3982 Palrol.
1488 3939 1614 3982 tom.
1652 3929 1758 3990 XC,
1792 3930 1895 3983 col.
1931 3928 2089 3984 1183.
2125 3930 2283 3983 Enn.
2820 3950 2835 3975 ι

1269 4118 1820 4245 CHRONlCllN
1895 4118 2714 4257 ANTIQUISSIMUM

1094 4302 1219 4361 EX
1281 4302 1778 4363 PALATINIS
1843 4303 2387 4364 MEMBRANIS
2451 4304 2901 4365 EDUCTUM.

1568 4422 1700 4481 (Maii
1736 4421 2050 4484 Spicilegium
2086 4422 2394 4485 Romanum.)

1322 4516 1552 4560 INCIPIT
1599 4520 1984 4562 AUCTOBITAS
2031 4519 2250 4563 OPEBIS
2294 4520 2676 4564 PBESBNTIS.

1599 4617 1841 4668 CIIBISTE,
1883 4619 2019 4657 FAVE
2059 4619 2213 4658 VOTIS
2247 4619 2413 4660 BONIS.

441 4716 489 4769 1.
531 4714 646 4767 Iam
674 4724 883 4783 tempus
912 4723 991 4768 est
1015 4722 1073 4767 ut
1101 4727 1160 4768 se
1209 4711 1425 4775 veritas,
1460 4713 1747 4785 luculentis
1776 4717 1939 4768 ratio-
1969 4719 2017 4778 D
2047 4715 2225 4785 igitur,
2268 4715 2311 4769 si
2343 4716 2533 4785 placet,
2566 4724 2619 4767 ut
2651 4724 2854 4769 certum
2905 4713 2992 4781 sit,
3026 4714 3136 4784 ipsa
3168 4712 3348 4769 mundi
3396 4713 3625 4768 consilia

367 4786 451 4838 nis
503 4786 815 4852 optntibus,
859 4786 1107 4837 onmibus
1155 4785 1496 4850 semetipsaut
1548 4784 1832 4853 perlustret
1888 4787 1937 4839 in

367 4854 598 4917 faciem;
646 4856 752 4923 jam
786 4854 1117 4922 prudentiori
1164 4862 1380 4917 conatu,
1422 4861 1669 4922 tanquam
1715 4870 1807 4921 per
1844 4856 1939 4909 ob-

368 4936 578 4977 strusos
606 4939 953 4977 eavernarum
996 4924 1215 4993 rivulos,
1252 4937 1441 4974 novam
1473 4935 1526 4976 et
1569 4925 1828 4993 integram
1878 4940 1938 4981 se

368 4994 564 5046 veritas
598 4994 782 5060 proth
812 5009 875 5047 ex
908 5007 1080 5047 utero.
1113 4992 1228 5045 Jam
1264 5008 1329 5045 ne
1354 5007 1449 5046 nos
1481 4994 1665 5047 l’allant
1690 4992 1935 5049 multilo-

369 5068 495 5130 quio
524 5079 619 5115 suo
661 5065 964 5118 Scottorum
993 5063 1289 5125 scholares,
1323 5062 1433 5128 ipsa
1465 5078 1524 5117 se
1557 5066 1708 5119 nobis
1740 5067 1935 5121 veritas

370 5132 736 5199 liquidissimis
767 5135 1024 5187 labiornm
1061 5142 1270 5201 promat
1302 5137 1584 5196 nectareis,
1622 5143 1680 5187 ut
1718 5151 1933 5190 omnem

370 5217 399 5253 a
456 5204 603 5254 uoltis
655 5204 1055 5255 amaritudinem
1114 5203 1264 5254 tollat
1320 5203 1507 5256 alieuze
1554 5207 1939 5258 tloctrinruzut

368 5282 517 5325 antra
550 5275 788 5339 caliginis
815 5274 1159 5327 obnubilante
1200 5272 1501 5338 mendacio,
1547 5289 1641 5327 sua
1672 5292 1767 5327 nos
1799 5276 1933 5329 veri-

372 5353 452 5395 tas
497 5349 611 5395 luce
649 5354 895 5410 tanquam
944 5344 1072 5394 solis
1115 5343 1274 5409 jnliar
1315 5343 1560 5396 inlustret
1605 5347 1672 5397 alt
1713 5347 1839 5405 aito,
1882 5356 1940 5399 ut

371 5413 701 5467 mendacium
744 5413 1001 5480 fugientes
1034 5415 1227 5466 veritas
1253 5414 1620 5479 amplectatur,
1661 5426 1715 5467 et
1747 5417 1818 5468 uti
1848 5430 1937 5469 ca-

372 5482 532 5549 ligine
579 5484 871 5536 tenebrosa:
912 5484 1080 5534 noctis
1126 5486 1373 5536 obstante
1418 5484 1517 5535 lm-i
1565 5500 1701 5538 verte
1751 5501 1940 5539 eausa-

370 5568 509 5619 ruut,
537 5557 794 5607 clarescat
812 5553 1056 5606 omnibus
1080 5553 1378 5606 laetissimus
1395 5554 1505 5606 dies
1526 5554 1576 5606 itt
1604 5555 1769 5608 vultu.
1791 5555 1941 5608 Nunc

442 5676 465 5701 °
494 5665 616 5720 llrec
647 5666 907 5733 ipsissima
949 5665 1135 5719 Grzece
1176 5666 1422 5719 dicuntur
1473 5666 1608 5734 apud
1641 5667 1795 5723 Joau.
1828 5667 1938 5721 Ma-

373 5734 550 5803 lalam,
582 5738 880 5804 Cltronogr.
915 5744 1051 5803 part.
1085 5752 1121 5798 t,
1149 5737 1233 5788 ed.
1274 5738 1421 5805 Ven.,
1451 5752 1504 5807 p.
1535 5738 1622 5805 913,
1655 5740 1805 5808 cujus
1842 5740 1938 5793 hoc

697 5829 968 5887 ΡΑτιιοι..
1011 5827 1225 5888 XCIV.

2048 4787 2436 4852 perquiramus,
2465 4799 2571 4854 quo
2595 4794 2858 4853 tempore,
2885 4801 2984 4855 qua
3008 4796 3165 4839 aetate
3193 4785 3369 4838 mundi
3395 4785 3627 4838 adfuerit

2046 4856 2287 4910 Christus
2320 4855 2569 4911 Salvator
2600 4856 2650 4909 in
2692 4872 2872 4919 carne,
2918 4855 3070 4925 cujus
3111 4856 3272 4910 etiam
3316 4857 3629 4909 consulatus

2044 4936 2203 4992 atque
2242 4926 2521 4992 imperium
2576 4926 2776 4979 mundo
2825 4927 2875 4979 in
2928 4927 3028 4979 hoc
3078 4929 3335 4991 agebatur
3366 4930 3418 4977 in
3452 4927 3632 4990 terris,

2044 4996 2167 5048 dum
2198 5010 2229 5050 e
2260 4997 2399 5049 cmlo
2457 4996 2547 5048 Dei
2599 4996 2763 5049 Filius
2798 4996 2847 5048 io
2879 5006 3030 5049 utero
3060 4994 3293 5064 Virginis
3343 5002 3485 5050 velut
3537 5012 3628 5050 rex

2048 5066 2302 5121 insederit
2333 5065 2585 5120 thilamo.
2627 5065 2861 5135 Explicit
2895 5066 3167 5135 prologus.

2378 5195 2608 5236 INCIPIT
2645 5196 2937 5239 HISTORIA
2986 5195 3300 5238 CHBONICA
3336 5222 3351 5243 ο

2223 5271 2363 5318 QUAM
2418 5271 2582 5309 ΕῘΙΑΙ
2643 5273 2760 5310 PARI
2804 5272 2876 5309 Ilo
2914 5274 2946 5307 υ
3010 5272 3458 5310 EXI'LANAVEBI‘NT

2102 5345 2409 5395 CLEMENS,
2464 5344 2578 5384 νει.
2622 5344 3044 5396 τεευιηιιιυς,
3093 5345 3171 5386 ET
3212 5342 3576 5386 τιυοτιιιςυε

2226 5420 2573 5459 ωιεετιςςιδιι
2626 5421 2710 5458 IlI-II
2752 5420 2982 5459 EPIICOI‘I
3022 5420 3447 5469 CIIBONOGBM‘III,

2358 5490 2425 5528 ΕΤ
2467 5490 2718 5528 DILECTUS
2760 5492 2844 5528 DEI
2885 5491 3333 5530 CIIBHNOGBAPIIUS

2452 5563 2752 5605 nusemus
2801 5563 3101 5605 maritim
3132 5553 3157 5578 ‘

2052 5669 2170 5721 loco
2200 5674 2381 5719 noster
2411 5676 2566 5733 putus
2608 5668 2869 5736 interpres
2899 5677 2998 5720 est.
3036 5666 3199 5719 Porro
3227 5665 3293 5720 de
3329 5663 3631 5736 auctorita-

2052 5741 2191 5794 tibus
2241 5735 2416 5792 citatis
2459 5752 2487 5790 a
2522 5738 2706 5791 Malnla
2753 5735 2819 5792 ex
2853 5738 3150 5803 Clemente,
3181 5736 3499 5807 Tneopltilo,
3531 5735 3630 5791 Ti-

3042 5826 3118 5885 37
