4054 6190
422 300 556 354 “65

1430 293 1520 347 AD
1560 290 1958 347 MARTYROL.
2001 289 2202 344 BEDrE
2240 289 2677 346 APPENDICES.

3521 292 3663 346 11ῧᾶ

487 414 542 464 2.
585 411 736 464 Anno
764 405 832 457 4‘2
876 403 1144 460 Octaviani
1187 404 1403 473 Auguin
1435 402 1660 473 Caesaris
1701 411 1854 455 natus
1892 409 1975 454 est
2002 404 2055 461 Α
2078 408 2229 473 sexto
2256 401 2742 473 quidemtnilliario
2770 418 3029 458 annorum
3052 415 3103 459 et
3123 405 3233 471 ipse
3256 404 3667 473 dicitapparere

421 484 679 538 Dominus
718 486 769 531 et
794 476 1040 530 Salvator
1080 482 1257 526 noster
1285 472 1439 526 Jesus
1479 472 1742 526 Christus.
1764 482 1786 505 “
1815 472 1975 523 Euse-

422 556 539 609 bius
565 548 828 611 enim-ait,
855 546 975 611 quia
1009 553 1285 611 postquam
1327 541 1570 596 transivit
1601 558 1664 595 χι.
1696 553 1749 595 et
1779 542 1979 611 primus

423 608 591 677 annus
619 629 670 671 et
715 608 911 670 mensis
956 608 1304 681 sextus'regni
1334 611 1571 679 ejusdem
1602 612 1825 665 Caesaris
1847 608 1909 671 b,
1928 611 1977 663 in

422 698 648 747 mensec
676 688 899 756 Dystro,
939 683 989 735 id
1038 691 1121 735 est
1167 683 1459 756 secundum
1505 681 1718 756 Latinos
1747 681 1974 756 Martio,

422 764 510 815 die
539 761 607 813 25
641 751 858 819 mensis,
889 754 989 806 huc
1016 762 1097 806 est
1125 767 1211 804 vm
1259 751 1369 803 Kal.
1406 752 1623 819 Aprilis,
1672 752 1758 818 qui
1789 765 1980 804 secun-

424 834 547 886 dum
579 828 789 883 Grzecos
837 821 1121 877 Xanthicus
1152 822 1464 889 app-llatur,
1511 822 1636 874 hora
1667 820 1853 873 diurna
1895 833 1981 872 se-

426 902 615 963 cunda,
645 899 879 949 initiante
910 892 1057 945 tertia
1088 891 1173 943 die
1200 892 1509 963 ,DtllllilAliCll,
1545 896 1737 963 missus
1763 901 1846 963 est
1890 906 1976 963 ar-

427 960 711 1037 changelns
734 964 944 1037 Gabriel
991 962 1357 1037 evangelizare
1387 961 1553 1037 beata;
1583 961 1778 1037 nam,
1814 960 1882 1037 in_
1906 960 1980 1011 ci-

429 1028 640 1093 vitatein
674 1035 903 1090 Galila'm
932 1033 1012 1083 cui
1057 1046 1247 1084 notncn
1297 1029 1574 1091 NSZ‘Il'eih,
1610 1030 1661 1082 in
1702 1028 1979 1081 consMatu

428 1107 653 1179 “(lyr-ini
695 1116 742 1159 et
779 1101 1016 1179 Dottgitti,
1049 1117 1165 1153 cum
1211 1111 1351 1153 esset
1379 1102 1693 1179 desponsam
1743 1100 1852 1178 viro
1890 1098 1979 1179 cui

430 1167 619 1234 nomen
662 1186 776 1231 erat
799 1167 1014 1240 Joséph,
1051 1180 1364 1240 procurante
1410 1170 1623 1240 quidem
1650 1168 1854 1235 Syriam
1890 1167 1979 1219 Vi-

428 1251 598 1311 tellio,
637 1244 726 1314 qui
767 1255 890 1297 tunc
912 1243 1102 1314 ageliai
1124 1248 1146 1273 ε
1167 1239 1376 1314 iuvenis
1405 1240 1505 1314 sub
1527 1239 1712 1290 eodem
1742 1242 1980 1314 Angusto

427 1308 666 1375 Caesare."
700 1330 792 1369 vm
837 1308 965 1381 ergo
1014 1310 1125 1362 Kal.
1166 1309 1387 1381 Aprilis,
1432 1309 1481 1381 id
1532 1318 1614 1361 est
1662 1308 1979 1381 wqttiner'tio

431 1389 649 1452 vernali,
702 1376 996 1452 conccp'tos,
1037 1388 1119 1434 est
1163 1380 1413 1452 Dominus
1458 1380 1507 1430 in
1535 1389 1686 1452 utero
1732 1376 1979 1452 Virginis.

428 1460 559 1516 Nam
612 1447 666 1511 et
713 1447 897 1510 eadem
949 1451 1036 1504 die
1077 1449 1365 1516 patibulum
1415 1448 1588 1500 crucis
1630 1447 1887 1506 ascendit,
1932 1456 1986 1500 et

432 1537 612 1600 postea
644 1529 694 1580 in
726 1522 1078 1600 sepulcroest
1117 1520 1335 1600 positus.
1370 1519 1432 1600 Et
1459 1517 1845 1600 aliainagnalia
1894 1518 1987 1568 Do-

433 1586 559 1654 inini
585 1600 633 1649 in
664 1610 725 1648 ea
764 1586 850 1645 die
880 1599 1024 1657 gesta
1064 1601 1206 1651 sntit,
1257 1588 1309 1640 id
1357 1596 1440 1642 est
1484 1586 1689 1640 initium
1723 1588 1805 1639 hic
1837 1600 1987 1657 muns

430 1671 530 1722 dus
559 1669 669 1733 ipsa
697 1663 783 1717 die
831 1654 1056 1733 sumpsit
1084 1673 1113 1712 a
1148 1659 1289 1721 Deo;
1313 1670 1361 1711 et
1394 1666 1519 1710 tunc
1545 1659 1861 1733 transierunt
1896 1654 1987 1709 ﬁlii

2079 469 2404 524 Salvatorem
2436 472 2728 540 Christum,
2771 474 3062 529 secundum
3118 469 3398 528 numerum
3426 469 3516 527 sex
3548 476 3667 528 die-

2080 555 2197 593 rum
2250 541 2613 608 plasmationis
2669 544 2818 606 Adin,
2875 547 3016 609 prius
3059 555 3233 598 tamen
3264 560 3420 610 quam
3451 544 3665 610 expleta

2081 610 2307 680 inissent
2359 626 2450 664 sex
2504 612 2662 664 tnillia
2720 629 2999 667 annorum.
3056 615 3207 680 Quia,
3240 614 3391 677 dixit,
3421 618 3668 679 app-aruit

2083 679 2333 734 DOtlliﬂlh'
2360 680 2498 735 Deus
2532 681 2685 735 .lesus
2711 681 2953 736 Christus
2974 679 3218 737 Salvator
3249 693 3430 737 noster
3460 684 3523 735 ad
3558 686 3666 735 eri-
3729 682 3749 751 ξς

2082 751 2331 817 piendum
2358 764 2523 818 genus
2553 752 2839 805 humanum
2865 794 2878 812 ,
2911 765 2963 807 et
2995 764 3170 816 natus,
3222 753 3410 820 inquit,
3444 768 3512 805 ex
3544 752 3664 804 Viro
3730 754 3739 815 ξ

2080 819 2537 888 ginehumanatns
2563 831 2645 874 est
2694 823 2744 875 in
2798 825 2982 890 quinto
3022 824 3266 877 milliario
3303 819 3361 877 ret
3408 823 3668 890 quingen-

2088 892 2274 943 tesimo
2301 899 2353 960 et
2384 905 2416 942 ιι
2452 891 2473 926 ιι
2510 906 2650 944 anno
2680 906 2741 960 pa
2775 908 2865 947 sus
2894 902 2975 945 est
3000 902 3055 947 et
3092 896 3380 946 resurrexit
3411 893 3666 946 Dominus
3733 912 3745 960 ξ

2082 973 2267 1013 noSter
2315 958 2467 1013 .lesus
2522 958 2785 1024 Christus.
2840 973 2891 1016 et
2946 964 3255 1031 adsumptus
3307 964 3670 1016 estincmios
3736 958 3745 975 '

2079 1044 2218 1083 anno
2248 1031 2416 1082 artatis
2444 1032 2621 1085 sazculi
2649 1032 2715 1084 ab
2746 1034 2910 1085 Adam
2938 1049 3003 1086 ut
3028 1050 3057 1086 ιι
3078 1048 3266 1086 xum.
3304 1031 3357 1085 In
3391 1045 3540 1085 sexto
3571 1046 3667 1084 au-

2083 1109 2185 1152 tem
2215 1113 2472 1152 annorum
2506 1100 2751 1153 milliario
2778 1105 3101 1155 concordant
3132 1116 3319 1155 omnes
3349 1103 3663 1168 apparuisse

2083 1168 2385 1236 Dominum,
2436 1172 2676 1239 quamvis
2730 1172 2919 1226 Scorrt
2976 1173 3302 1226 concordare
3333 1175 3537 1233 nolunt,
3572 1172 3663 1237 qui

2082 1239 2392 1309 sapientiam
2417 1255 2476 1293 se
2502 1239 2809 1294 existimant.
2849 1243 3044 1296 habere
3073 1252 3126 1295 et
3168 1242 3444 1295 scientiam
3477 1243 3671 1309 perdi-

2083 1307 2309 1380 derunt:
2342 1309 2430 1380 vel
2452 1311 2609 1363 etiam
2659 1325 2795 1364 unus
2848 1313 2985 1380 plus,
3014 1313 3147 1365 alius
3181 1312 3355 1364 minus
3383 1307 3659 1365 dixerunt.

2086 1378 2140 1429 In
2188 1388 2339 1432 sexto
2368 1379 2611 1450 milliario
2636 1378 2917 1444 annorum,
2953 1383 3240 1434 secundum
3295 1381 3666 1450 propheticam

2086 1462 2271 1501 Vocem
2301 1488 2318 1515 ,
2375 1449 2705 1505 elocutiones
2759 1453 3020 1506 universae
3065 1449 3453 1515 consentiunt,
3504 1451 3673 1504 etiam

2086 1519 2330 1585 quamvis
2361 1519 2665 1587 repigritent
2698 1521 2783 1585 qui
2812 1531 3170 1586 exposuerunt
3197 1522 3264 1573 de
3296 1535 3519 1573 numero
3564 1536 3671 1573 an-

2090 1602 2300 1640 norum.
2363 1587 2414 1640 lu
2473 1590 2771 1643 novissimis
2802 1601 2976 1644 tamen
3010 1591 3334 1657 temporibus
3355 1591 3674 1656 apparui~se

2089 1657 2443 1720 SaIVatorem,
2476 1660 2612 1711 sicut
2640 1661 2816 1713 divina
2847 1661 3120 1729 Scriptura
3170 1658 3446 1729 signiﬁcat,
3474 1674 3673 1729 omnes

434 1727 594 1792 Israel
626 1750 715 1802 per
761 1747 905 1786 mare
936 1729 1173 1782 Rubrum
1209 1738 1462 1802 tanquam
1498 1742 1590 1802 per
1626 1727 1827 1802 aridam
1884 1734 1989 1802 tter-
2021 1742 2066 1802 Β
2098 1729 2272 1802 testati
2320 1738 2465 1784 sunt.
2496 1729 2624 1802 Nam
2668 1741 2718 1783 ct
2766 1731 2816 1782 iu
2861 1727 3059 1784 sanctis
3084 1727 3374 1802 Evangeliis
3397 1728 3676 1802 repperies

433 1823 588 1871 ram;
618 1794 671 1858 et
710 1814 832 1856 tunc
876 1809 1204 1871 expugnatus
1244 1794 1628 1871 est_diabolus,
1668 1805 1723 1849 et
1751 1797 1816 1871 tle
1851 1794 1989 1871 casio

435 1866 982 1946 projectusestcum
1016 1869 1229 1946 angelis
1270 1868 1418 1946 suis;
1463 1876 1696 1946 eumne
1750 1867 1861 1934 ipsa
1910 1866 1995 1946 die

434 1935 675 2001 sanctum
713 1941 964 1997 Jacohum
1014 1935 1227 1993 fratrem
1273 1936 1475 1989 Domini
1525 1937 1590 1989 de
1621 1936 1776 2004 pinna
1816 1935 1993 2002 templi

435 2018 681 2070 deorsum
733 2011 1071 2080 proiecerunt
1117 2008 1308 2080 Judaei.
1358 2004 1996 2080 Conceptus“est_igitur

441 2087 693 2140 Dominus
724 2074 776 2136 in
820 2074 970 2134 utero
1009 2078 1232 2146 Virginis
1260 2092 1353 2129 vm
1381 2076 1495 2131 Kal.
1529 2076 1744 2142 Aprilis,
1776 2074 1828 2129 id
1854 2085 1935 2129 est
1966 2091 1995 2146 v

434 2166 488 2211 et
512 2174 575 2210 xx
606 2157 690 2209 die
730 2152 926 2206 mensis
956 2144 1164 2210 Martii;
1217 2148 1306 2211 qui
1344 2156 1425 2199 est
1460 2161 1543 2198 xu
1592 2160 1759 2199 anuus
1788 2144 1993 2211 imperii

435 2220 914 2295 AugustiCmsaris,
936 2218 1388 2295 vtttyalendarutn
1404 2216 1796 2295 Januariarum,
1815 2229 1995 2294 mense

435 2285 721 2365 Αρῦειιωο,
772 2291 860 2357 qui
903 2300 984 2365 est
1033 2287 1428 2365 Decemler,‘in
1481 2290 1566 2339 die
1608 2300 1719 2365 sitv
1771 2285 1991 2365 mensis,

436 2356 560 2420 liora
615 2365 717 2418 diei
751 2356 842 2424 vtt,
902 2360 954 2412 in
1002 2360 1216 2412 civita:e
1262 2356 1481 2419 .lud:e.c,
1538 2356 1622 2409 cui
1672 2369 1865 2409 nomen
1913 2363 1999 2408 est

440 2436 733 2496 Bethleem,
784 2432 882 2484 sub
930 2428 1157 2496 praeside
1207 2429 1373 2495 Syria:
1434 2425 1629 2494 Cyrino
1683 2425 1992 2496 exconsule,

433 2493 878 2559 consulatu—vero
923 2493 1158 2566 ejusdem
1210 2493 1491 2566 Octaviani
1529 2497 1743 2563 Augusti
1792 2505 1846 2548 et
1892 2493 1995 2566 Sil-

435 2577 552 2630 vani
581 2573 626 2639 ί,
650 2569 899 2639 toparcha
928 2564 1100 2622 autem
1128 2565 1549 2639 Jutlmaellerodc
1571 2569 1657 2619 illo
1688 2569 1909 2634 majore,
1937 2564 1997 2617 ﬁ-

432 2647 503 2699 lio
532 2642 793 2706 Archelai,
824 2640 959 2693 sicut
987 2638 1305 2707 evangelista
1338 2644 1579 2689 testatur.

503 2718 555 2770 5.
598 2704 925 2779 Colliguntur
952 2723 1077 2775 ergo
1104 2704 1171 2760 a'b
1202 2706 1366 2779 Adam
1400 2720 1565 2779 usque
1596 2704 1659 2779 ad
1692 2705 1888 2779 Plialec
1934 2705 1998 2758 ﬁ-

434 2788 562 2839 lium
597 2775 791 2844 lleber,
814 2793 1072 2831 annorum
1098 2779 1193 2829 tria
1225 2775 1410 2829 ntillia.
1445 2776 1507 2828 Et
1537 2790 1564 2827 a
1608 2775 1802 2828 l’halec
1829 2790 1997 2844 usque

435 2857 498 2909 ad
531 2871 596 2907 ιιι.
648 2860 702 2905 et
734 2867 768 2904 ιι
817 2863 1012 2901 annum
1048 2848 1191 2912 regni
1226 2845 1445 2911 Augusti
1502 2845 1748 2908 Caesaris,
1792 2845 1915 2897 anni
1961 2861 1996 2900 ιι

434 2927 577 2979 inille
607 2936 766 2977 ncccc
798 2933 955 2973 uvn.
994 2918 1057 2970 Et
1088 2918 1155 2969 ita
1180 2916 1499 2985 colliguntur
1520 2918 1585 2967 ab
1626 2915 1791 2969 Adam
1828 2915 1999 2985 primo

437 2995 649 3048 homine
688 3005 854 3058 usque
885 2989 948 3041 ad
993 2984 1409 3058 incarnationem
1439 2984 1646 3058 Domitii
1677 2988 1839 3058 nostri
1872 2984 1997 3058 .Iesu

433 3065 649 3128 Christi,
682 3071 734 3115 et
762 3056 869 3113 iiut
915 3071 1110 3111 annum
1156 3056 1303 3128 regni
1335 3056 1559 3122 Augusti
1591 3056 1842 3117 Cinsaris,
1872 3056 1996 3108 anni

436 3150 463 3183 v
495 3132 641 3187 mille
688 3145 848 3186 ncccc
894 3143 1051 3181 van.
1087 3128 1151 3180 Et
1207 3127 1328 3180 inde
1368 3135 1449 3179 est.
1493 3135 1834 3178 conversatus
1874 3138 1993 3177 cum

436 3202 737 3256 hominibus
780 3213 937 3266 super
985 3207 1177 3250 terram
1229 3197 1479 3249 Dominus
1528 3194 1998 3266 noster_Salvator

437 3274 590 3326 Jesus
620 3263 864 3322 Christus
894 3267 1106 3319 circiter
1138 3281 1303 3318 annos
1335 3279 1503 3318 xum
1550 3279 1652 3317 non
1688 3263 1870 3330 plenos
1905 3278 1997 3330 pa-

440 3357 551 3394 rutn
582 3338 729 3408 quid.
763 3337 989 3408 Utﬁant
1020 3335 1083 3388 ab
1131 3334 1295 3408 Adam
1331 3348 1496 3399 usque
1541 3335 1605 3387 ad
1656 3331 1862 3408 Domini
1906 3349 1996 3386 no-

438 3414 532 3464 stri
562 3403 686 3464 Jesu
730 3406 924 3460 Christi
957 3404 1250 3459 secundum
1300 3419 1513 3457 carnem
1562 3403 1911 3468 nativitatem,
1944 3412 2000 3456 et

439 3481 734 3548 passionem
767 3476 957 3548 crucis,
985 3475 1481 3548 etalsnniptiouem
1512 3475 1625 3541 ejus
1652 3473 1717 3548 ad
1744 3474 1909 3528 ccelos
1931 3472 1997 3526 ad

440 3543 669 3612 Patrem,
702 3546 826 3600 anni
855 3561 905 3598 γι
937 3544 1080 3598 mille
1114 3545 1273 3613 pleni.
1316 3543 1507 3597 l’halee
1542 3545 1763 3607 etenim,
1807 3557 1998 3613 secun-

437 3622 561 3674 dum
594 3618 955 3687 propheticam
986 3630 1167 3668 vocem
1194 3613 1406 3687 Moysis,
1436 3614 1486 3687 in
1510 3613 1787 3687 dimidium
1809 3612 1998 3687 dicitur

438 3683 710 3757 temporis
749 3688 934 3740 futura:
988 3685 1360 3757 incarnationis
1409 3683 1604 3737 Clitisti
1652 3684 1999 3757 intervenisse

438 3753 743 3813 adventum.
798 3757 944 3809 Sicut
975 3756 1112 3807 enim
1146 3753 1411 3807 hominem
1455 3765 1605 3807 sexta
1647 3754 1733 3805 die
1757 3753 1822 3806 de
1861 3764 1995 3806 terra

438 3826 718 3898 plasmavit
744 3827 901 3898 Deus,
944 3834 1007 3898 ut
1042 3824 1246 3893 Moyses
1280 3837 1500 3898 magnus
1542 3824 1766 3898 scriptor
1793 3832 1995 3898 tempo-

438 3892 553 3952 ium
582 3898 826 3964 exposuit
849 3895 901 3947 in
932 3896 1041 3947 suis
1076 3892 1454 3964 monumenis,
1489 3895 1555 3945 ita
1589 3896 1688 3945 hoc
1718 3892 1952 3964 deﬁnivit
1980 3911 1992 3945 :

440 3962 665 4027 Eterit,
704 3964 891 4033 inquit,
940 3979 1040 4016 una
1081 3964 1195 4017 dies
1240 3963 1447 4016 Domini
1499 3965 1633 4017 sicut
1677 3962 1820 4017 mille
1847 3965 1994 4018 anni.

437 4036 598 4093 Sexta
629 4035 784 4102 igitur
812 4035 898 4088 die
930 4033 1081 4087 ﬁnxit
1105 4034 1370 4088 hominem
1399 4033 1558 4099 Dens,
1589 4033 1643 4086 et
1670 4033 1862 4086 cecidit
1898 4036 1997 4088 sub

443 4117 709 4176 peccaturo
758 4104 936 4157 hono.
971 4102 1038 4176 U_t_
1082 4103 1183 4176 hoc
1234 4117 1444 4176 quoque
1488 4103 1677 4176 clarius
1723 4115 1993 4176 appareat,

436 4172 557 4246 quia
610 4176 748 4246 sicut
793 4185 940 4227 sexta
992 4172 1077 4227 die
1125 4172 1285 4227 homo
1335 4172 1386 4227 in
1433 4172 1994 4246 paradisogplasmatus

437 4243 634 4303 corruit
661 4245 712 4297 in
742 4252 1038 4311 peccatum,
1069 4245 1137 4296 ita
1165 4252 1314 4296 sexto
1341 4244 1510 4296 aetatis
1539 4244 1719 4296 mundi
1751 4243 1997 4296 milliaiio

436 4316 679 4369 Christus
724 4328 883 4381 super
912 4325 1103 4367 terram
1150 4314 1515 4368 manifestatns
1542 4325 1642 4378 est,
1676 4320 1733 4366 et
1776 4312 1998 4369 salvavit

438 4387 732 4451 hominem,
779 4399 871 4451 per
899 4385 1070 4437 crucis
1120 4384 1447 4454 signaculum
1480 4384 1605 4454 ligni
1648 4392 1702 4439 et
1749 4398 1990 4438 resurre-

437 4458 664 4511 ctionem
697 4469 759 4507 ex
796 4454 1016 4506 mortuis
1045 4453 1379 4506 reformando
1403 4458 1447 4505 Β.

508 4524 562 4580 4.
592 4524 741 4591 Quod
771 4524 928 4577 etiam
959 4524 1066 4589 pari
1098 4525 1252 4574 modo
1279 4522 1523 4577 Cletnens
1566 4524 1647 4577 vel
1674 4523 2003 4592 Theophilus

436 4605 489 4650 et
534 4595 862 4657 Timotheus,
913 4593 1237 4646 dilectissimi
1296 4594 1385 4647 Dei
1430 4596 1661 4662 episcopi
1692 4604 1745 4649 et
1772 4598 2003 4649 chrono-

438 4665 644 4736 graphi,
676 4664 1108 4736 explanaverunt,
1154 4662 1377 4736 invicem
1406 4665 1489 4719 hic
1516 4676 1887 4736 consonantes.
1921 4665 2005 4719 Di-

439 4732 602 4791 t'ect’us
632 4744 807 4788 autem
837 4732 926 4786 Dei
955 4733 1388 4803 chronograpbus
1438 4734 1699 4790 Eusebius
1745 4736 2000 4803 Pamphili

438 4868 653 4924 motheo
680 4879 840 4939 atque
867 4869 1397 4945 Eusebio,_legantur
1425 4872 1579 4926 Hodii
1623 4874 1999 4945 prolegotnena

438 4956 490 4992 ιι.
524 4953 658 5006 xxtt,
685 4956 840 5015 xxiii,
870 4942 1350 5015 utv,_quibusc_um
1377 4942 1818 5015 tamenconl'erre
1841 4962 1998 5015 opor-

435 5016 513 5064 tet
536 5012 980 5065 cootradictiones
1001 5010 1068 5064 ϐ.
1098 5010 1274 5065 Cavaei
1306 5024 1406 5065 art.
1433 5015 1499 5067 de
1527 5014 1735 5069 Malala.

508 5086 534 5150 ξ
557 5079 734 5150 Codex
758 5080 915 5134 habet
943 5082 1174 5150 superius
1204 5096 1296 5150 pro
1324 5082 1593 5137 Eusebius.

508 5096 534 5113 υ
557 5096 734 5133 ιιοαει
758 5096 915 5134 nanet
943 5098 1174 5150 superius
1240 5098 1262 5134 r

504 5146 533 5188 δ
563 5149 777 5217 Euseb.,
806 5150 940 5204 Hist.
971 5154 1101 5206 eccl.
1134 5167 1171 5217 ι,

432 5288 466 5343 d
508 5216 734 5302 °_U.titur
765 5216 963 5275 noster
1012 5216 1455 5292 appelzationibus
1502 5223 1760 5279 mensium
1819 5223 1997 5280 Mace-

471 5303 659 5343 omcts.

471 5303 659 5344 ODICIS.

504 5358 799 5431 dMalalas,
849 5361 931 5413 vel
975 5359 1209 5431 hisorici
1265 5363 1402 5431 apud
1451 5363 1729 5431 eumdem,
1786 5378 1837 5431 p.
1894 5363 1998 5430 95,

434 5430 617 5505 Quinti
643 5441 688 5483 et
711 5430 946 5505 Longini.
977 5430 1064 5486 Sic
1090 5433 1247 5486 etiam
1280 5430 1616 5489 consentiunt
1643 5435 1710 5488 de
1740 5430 1995 5505 procura-

437 5510 550 5554 tore
580 5500 807 5555 V.tellio.

509 5578 531 5604 ε
557 5569 771 5646 llalaias
790 5572 1139 5646 πρᾳαχοέγτος
1156 5576 1360 5641 νεωστὶ,
1377 5590 1533 5643 nuper
1552 5575 1789 5646 promoti.
1811 5575 1999 5630 Noster

440 5641 850 5711 vcro__itttellexit
868 5644 1090 5711 juvenis.

514 5706 529 5739 τ
561 5705 670 5761 ιιυρ
714 5713 837 5765 item
868 5705 1016 5766 aiunt
1062 5712 1301 5768 historici
1338 5714 1475 5779 apud
1525 5715 1785 5782 Malalam,
1818 5733 1875 5782 ιι.
1898 5716 1986 5772 96.

2098 1798 2199 1851 hoc
2251 1797 2467 1862 factum,
2525 1799 2649 1852 dum
2710 1816 2845 1854 unus
2892 1804 3042 1853 tertia
3095 1805 3221 1853 hora
3251 1798 3515 1854 Christum
3543 1799 3678 1852 dicit

2096 1881 2216 1921 esse
2244 1869 2580 1933 cruciﬁxum,
2603 1871 2650 1923 id
2677 1881 2767 1924 est
2789 1871 3020 1934 Marcus;
3040 1871 3127 1923 alii
3156 1884 3281 1923 vero
3303 1870 3352 1922 in
3383 1878 3673 1922 sextaeum

2096 1948 2338 2009 asserunt
2384 1938 2526 2007 ligno
2579 1941 2921 1993 cruciﬁxum:
2977 1955 3139 2009 quare
3190 1940 3327 2005 apud
3397 1940 3677 2004 imperitos

2096 2007 2367 2061 contraria
2398 2008 2499 2062 sibi
2547 2010 2659 2063 hate
2691 2007 3028 2075 videbuntur,
3056 2010 3147 2063 sed
3181 2025 3282 2062 non
3313 2019 3437 2061 sunt
3465 2020 3676 2063 contra-

2096 2078 2173 2147 ria
2228 2092 2368 2147 verae
2420 2080 2631 2145 rationi,
2663 2081 2749 2134 ubi
2779 2096 2837 2134 se
2867 2082 2943 2134 sic
2985 2082 3181 2147 puriter
3240 2077 3254 2115 ί
3306 2080 3680 2145 complectitur

2096 2146 2273 2201 divina
2303 2146 2595 2215 Scriptura,
2627 2149 2751 2202 dum
2784 2160 2956 2203 tamen
2990 2146 3318 2216 diligentius
3376 2150 3673 2201 ruminatur

2098 2227 2151 2269 et
2195 2217 2330 2271 bene
2360 2228 2611 2272 tractatur
2637 2221 2703 2272 ab
2735 2220 2813 2274 his
2840 2220 2927 2289 qui
2960 2236 3063 2274 non
3091 2221 3157 2274 de
3185 2232 3302 2286 sua,
3330 2218 3422 2273 sed
3467 2220 3538 2275 de
3582 2218 3683 2273 Dei

2098 2300 2422 2354 pra-sumunt
2450 2292 2729 2359 sapientia.

2169 2377 2222 2432 5.
2276 2379 2434 2448 Igitur
2501 2396 2620 2433 cum
2678 2391 2829 2435 natus
2888 2390 3028 2435 esset
3095 2381 3347 2434 Dominus
3401 2379 3553 2433 Jesus
3622 2379 3679 2434 in

2098 2445 2395 2515 Bethleem,
2428 2452 2477 2503 in
2510 2467 2574 2505 χι,
2606 2459 2657 2503 et
2689 2466 2723 2503 ιι
2755 2466 2893 2503 anno
2949 2453 3095 2517 regni
3150 2450 3371 2519 Augusti
3428 2451 3677 2516 Caesaris,

2102 2520 2203 2589 sub
2234 2518 2442 2574 Herode
2470 2535 2593 2589 rege
2620 2520 2945 2584 Judworum,
2995 2533 3049 2574 et
3101 2521 3199 2574 sob
3229 2518 3451 2587 prteside
3478 2520 3679 2589 Cyrino

2100 2587 2267 2659 Syriae
2320 2587 2633 2657 provinciai,
2692 2592 2895 2644 duobus
2949 2592 3100 2644 annis
3147 2606 3308 2659 agens
3360 2592 3456 2643 sub
3510 2587 3679 2644 ubera

2104 2657 2331 2727 Virginis
2359 2659 2497 2712 inter
2520 2662 2757 2714 homines
2792 2662 2879 2715 Dei
2915 2660 3099 2723 Filius,
3126 2657 3379 2714 venerunt
3404 2675 3434 2713 a
3456 2660 3675 2713 Perside

2100 2730 2268 2799 magi,
2324 2731 2570 2783 duettlUm
2619 2732 2723 2785 illis
2766 2733 3030 2799 praebente
3074 2732 3246 2784 stella.
3298 2730 3438 2782 Tunc
3484 2730 3675 2783 didicit

2102 2797 2339 2853 Herodes
2368 2815 2458 2854 rex
2497 2803 2545 2861 l,
2577 2801 2690 2855 sive
2721 2797 2965 2867 to‘parcha
2994 2801 3322 2864 Judavorntn,
3349 2800 3482 2867 quod
3508 2813 3675 2867 expe-

2100 2868 2367 2941 culatores
2404 2871 2671 2924 venissent
2722 2874 2770 2923 in
2817 2871 3235 2941 llteroso‘ymam
3275 2870 3485 2941 civitate
3508 2884 3562 2920 ιι.
3612 2868 3681 2922 Et

2098 2937 2290 3003 iubeas
2318 2954 2410 2993 eos
2438 2941 2647 3004 addul-i,
2705 2943 2861 3006 ctepit
2890 2955 2981 2994 eos
3011 2937 3355 3007 iuierrogare.
3417 2939 3682 2992 Venet-am

2101 3010 2244 3061 enim
2284 3021 2708 3079 cognoscentes,
2760 3010 2882 3079 quia
2944 3014 3163 3079 mystica
3211 3009 3436 3078 quadam
3484 3010 3675 3061 imbuti

2102 3091 2220 3145 quae
2245 3078 2323 3131 eis
2350 3091 2665 3148 apparuerat
2708 3078 2857 3134 stella
2901 3080 2952 3133 in
2994 3078 3229 3143 Oriente,
3259 3081 3326 3134 de
3356 3078 3679 3131 humanitate

2101 3148 2393 3203 Salvatoris
2446 3153 2614 3203 nostri
2645 3151 2767 3203 Jesu
2797 3151 3014 3218 Christi,
3060 3152 3461 3216 del‘erentesque
3488 3149 3537 3202 ei
3566 3163 3685 3201 mu-

2102 3226 2488 3289 neratanquam
2528 3235 2651 3274 vere
2668 3222 2979 3289 rcgimagno
3008 3232 3061 3273 et
3087 3219 3684 3287 triumphatori,seCon-

2099 3286 2224 3339 dum
2276 3288 2417 3355 quod
2444 3291 2520 3342 eis
2551 3291 2694 3343 sidus
2720 3286 2786 3343 de
2825 3286 2962 3345 etian
2991 3286 3337 3343 nuntiaverat.
3370 3291 3469 3353 Qui
3512 3290 3676 3340 etiam

2100 3355 2167 3427 ab
2189 3356 2533 3427 orientalibus
2562 3360 2906 3414 adventantes
2964 3360 3358 3427 interrogabant
3388 3360 3631 3410 dicentes
3664 3373 3678 3407 :

2103 3425 2200 3480 Ubi
2241 3430 2441 3497 estqui
2488 3442 2638 3482 natus
2669 3442 2751 3483 cst
2797 3430 3099 3484 Judanorum
3129 3425 3254 3482 rex?
3286 3430 3346 3482 Et
3376 3428 3675 3481 conturbati

2099 3503 2225 3548 sunt
2279 3495 2468 3554 Judzei.
2525 3500 2824 3565 Quinetiam
2885 3501 3023 3567 magi
3081 3500 3277 3567 Cogniti
3324 3499 3682 3564 conprehensi

2098 3575 2239 3629 sunt,
2271 3576 2325 3621 et
2355 3568 2635 3622 introducti
2660 3572 2723 3621 ad
2751 3566 3012 3623 Herodem
3046 3566 3221 3635 regem
3269 3566 3327 3620 IK':
3373 3581 3425 3620 et
3455 3569 3686 3619 interro-

2101 3637 2247 3702 gavit
2308 3651 2422 3697 eos,
2474 3650 2791 3707 quapropter
2823 3642 2873 3692 in
2903 3639 3137 3692 Judaeam
3166 3638 3476 3693 adveneriut
3506 3637 3685 3702 explo-

2100 3707 2348 3778 ratores?
2396 3709 2458 3761 Et
2499 3720 2840 3777 suggerentes
2883 3711 3023 3778 magi
3050 3710 3357 3761 miraculum
3401 3707 3595 3765 stellae.
3627 3718 3683 3760 et

2098 3776 2219 3841 quia
2277 3792 2500 3846 magnus
2553 3776 2644 3832 rex
2697 3789 2847 3832 natus
2897 3776 3060 3833 est'm
3096 3779 3193 3831 hoc
3224 3778 3442 3845 mundo,
3473 3786 3527 3830 et
3553 3778 3677 3842 quia

2099 3847 2237 3897 dona
2255 3846 2302 3899 ei
2326 3863 2443 3900 cum
2467 3848 2801 3912 adduxerint,
2824 3851 3166 3902 advenissent
3191 3850 3328 3903 sicut
3351 3851 3459 3915 regi
3482 3860 3689 3915 magno

2101 3931 2316 3969 munera
2346 3917 2583 3972 oﬁ'erturi
2636 3915 2652 3956 1
2685 3936 2698 3983 ;
2748 3921 3020 3984 dixerunt,
3053 3920 3179 3986 Quia
3209 3934 3325 3986 quin
3370 3921 3690 3979 adtulimus,

2100 4002 2318 4041 munera
2366 3989 2471 4041 Deo
2521 3989 2864 4056 proferimus;
2896 3992 3118 4042 vidimus
3147 3989 3288 4043 enim
3330 3991 3532 4041 stellam
3562 3987 3689 4053 ejus

2100 4059 2152 4110 in
2183 4058 2423 4121 Oriente,
2474 4069 2527 4111 et
2557 4061 2793 4112 venimus
2836 4069 2892 4112 ut
2918 4076 3036 4112 cum
3074 4059 3375 4113 adoremus.
3435 4057 3685 4110 llerodes

2098 4140 2273 4180 autem
2305 4128 2526 4181 audiens
2560 4132 2691 4196 huic,
2723 4139 2942 4193 stupens
2970 4133 3241 4194 remansit,
3274 4130 3519 4194 cogitans
3548 4141 3688 4190 quo-

2097 4212 2235 4250 niam
2264 4209 2379 4265 post
2407 4201 2697 4266 Augustum
2719 4199 3002 4263 Cazsarem,
3035 4200 3204 4267 qualis
3232 4207 3310 4251 est
3332 4201 3495 4249 virtus
3520 4197 3689 4263 hujus

2097 4268 2185 4336 qui
2217 4278 2368 4321 natus
2396 4279 2478 4321 est
2497 4269 2689 4336 regism
2717 4268 2739 4319 ?

2169 4364 2219 4416 6.
2250 4360 2518 4431 Venerunt
2546 4375 2673 4430 ergo
2706 4362 2842 4431 magi
2874 4360 2926 4415 in
2970 4358 3393 4430 Hierosolymam
3426 4359 3523 4431 sub
3548 4372 3689 4431 con-

2032 4455 2080 4514 Ι)
2103 4433 2271 4512 sulatu
2302 4430 2545 4511 Vindicii.
2566 4429 2626 4485 et
2656 4429 2869 4514 Varii-'1',
2900 4447 3037 4514 anno
3068 4429 3272 4509 impelli
3307 4430 3527 4514 Augusti
3556 4429 3687 4514 Cas:

2103 4503 2237 4556 saris
2261 4515 2430 4565 sum,
2459 4501 2580 4568 quia
2607 4503 2839 4556 secundo
2870 4511 2922 4553 et
2950 4517 3016 4554 χι.
3037 4497 3177 4552 anni»
3201 4500 3440 4569 ejusdem
3458 4497 3695 4567 Augusti

2103 4574 2329 4627 Caesaris
2375 4571 2621 4626 Salvator
2670 4582 2823 4625 natus
2849 4580 2950 4635 est,
2983 4585 3035 4624 et
3065 4572 3115 4623 in
3149 4585 3184 4623 ιι
3214 4584 3354 4623 anno
3387 4571 3689 4622 nativitatis

2102 4646 2218 4710 ejus
2244 4642 2383 4710 magi
2414 4651 2669 4696 venerunt
2700 4643 2750 4695 in
2778 4641 3216 4710 llierostilymam.
3253 4640 3550 4710 Exquisivit
3588 4642 3693 4708 igi-

2105 4709 2187 4767 tur
2206 4713 2274 4768 ab
2299 4709 2379 4768 eis
2405 4711 2641 4768 Herodes
2673 4723 2875 4782 tempus
2904 4709 3035 4766 sidet
3050 4710 3121 4765 is:
3149 4717 3206 4765 et
3228 4725 3350 4764 cum
3377 4709 3690 4774 didicisset,

2175 4879 2201 4918 ε
2230 4869 2460 4925 Omnino
2492 4878 2657 4922 totum
2706 4867 2848 4921 hunc
2876 4875 2931 4921 et
2958 4866 3147 4934 partim
3178 4863 3335 4919 etiam
3364 4873 3695 4931 sequentem

2104 4949 2329 4996 tractum
2375 4955 2438 4995 ex
2497 4939 2679 4992 Malala
2726 4952 2776 5006 p.
2828 4936 3008 5001 96-97,
3038 4937 3120 4989 vel
3167 4936 3407 4990 excitatis
3449 4937 3520 4986 ab
3577 4936 3709 4999 ipse

2102 5012 2370 5066 historicis
2396 5009 2731 5076 desumptum
2765 5023 2885 5061 esse
2913 5016 3151 5073 apparet.

2172 5079 2202 5118 Ιι
2249 5079 2447 5134 Confer
2505 5072 2714 5132 Eusebii
2766 5072 3067 5130 Chronieon
3116 5074 3363 5131 editionis
3422 5072 3704 5129 Romanae

2103 5151 2196 5207 lib.
2221 5166 2260 5215 t,
2279 5164 2398 5220 cap.
2427 5150 2514 5203 18.
2544 5163 2662 5220 pag.
2693 5147 2782 5201 92.

2178 5221 2196 5258 ί
2231 5222 2302 5274 Ita
2336 5217 2456 5275 eod.
2486 5219 2574 5273 sed
2602 5234 2719 5269 num
2753 5217 2983 5283 pariter?

2177 5293 2191 5341 i
2214 5291 2413 5345 Rursus
2430 5300 2606 5343 noster
2618 5304 2680 5341 ex
2700 5288 2878 5339 Malala
2893 5287 3055 5340 sumit
3069 5284 3230 5338 multa
3248 5284 3297 5338 in
3314 5287 3708 5350 sequentibus.

2174 5360 2201 5399 ¹ί
2233 5362 2308 5414 Ex
2337 5360 2525 5413 Malala
2557 5359 2620 5411 ad
2654 5360 2881 5412 litteram
2917 5373 2931 5409 :
2962 5360 3136 5415 αἳτινες
3165 5361 3319 5428 μὰγρι
3348 5358 3695 5428 γνωσθέντες,

2102 5432 2600 5504 σνντσχὲθησανλζαί
2628 5429 3108 5504 εὶσῃνέχθησαγῂςτῷ
3134 5426 3327 5504 ἰιρώμδῃ
3359 5426 3591 5504 Βασιλεῖ.

2180 5504 2195 5541 ι
2238 5496 2326 5557 Sic
2375 5501 2428 5554 in
2464 5501 2583 5554 aliis
2621 5496 2895 5553 codiCIbus
2934 5498 3045 5551 vidi
3079 5496 3362 5552 'int'érdu'nt
3416 5496 3705 5562 offerrem,

2102 5587 2302 5627 otlrrta.

2133 5574 2431 5697 ﬂjrguncta
2466 5653 2686 5706 prorsus
2720 5653 2785 5692 ex
2815 5636 3001 5706 Malala
3037 5652 3087 5703 p.
3130 5637 3219 5691 97.

2175 5724 2201 5751 ιι
2230 5713 2377 5781 Apud
2410 5705 2673 5766 Mitlalam.
2714 5725 2765 5779 p.
2798 5705 2886 5773 9'5,
2928 5706 3143 5763 Valerii.
