4054 6190
408 310 535 367 Illi?

1392 309 1481 363 AD
1524 305 1907 361 MARTYROL.
1957 304 2156 359 BEDE
2196 303 2630 360 APPENDICES.

3514 306 3653 364 Hfi‘i

406 429 593 490 Maius,
618 441 647 476 v
674 424 757 477 die.
785 424 1001 487 mensis,
1027 423 1171 476 idest
1201 439 1253 476 in
1285 423 1459 477 N-vnas
1486 422 1769 495 Maias,die
1792 437 1820 474 v
1846 421 1967 495 fer.,
2005 426 2047 481 Λ
2074 422 2306 490 jectione
2350 422 2545 476 diaboli
2596 421 2863 495 liberaret.
2910 420 3039 475 Nam
3071 436 3139 477 x1.
3165 431 3218 479 et
3242 438 3301 495 ,τι
3347 424 3651 495 signiﬁcant

409 501 534 551 hora
564 512 621 557 ri,
675 498 869 548 sanctis
914 495 1166 556 apostolis
1209 495 1529 555 videntibus,
1576 502 1629 545 et
1673 493 1775 543 alia
1822 494 1970 544 turba

406 567 807 634 discipulorum,
848 566 1113 630 t|tt“lttOtltt
1151 576 1449 629 assumptus
1501 571 1577 634 est
1607 562 1971 634 rﬂrlltliiliHlS;

408 631 600 689 sanctis
646 635 842 700 angelis
874 635 1165 684 dicentibus
1194 652 1203 684 :
1237 634 1370 697 Quid
1412 631 1645 700 at-picitis
1678 633 1727 683 in
1757 633 1971 689 coelum,

409 709 502 760 viri
533 706 770 759 Galilzei‘!
801 705 893 756 llic
922 702 1075 755 Jesiis
1104 706 1188 768 qui
1219 713 1517 766 assumptus
1546 710 1627 755 est
1651 718 1676 750 a
1710 701 1877 762 vobis,
1901 702 1977 753 sic

411 790 599 829 iterum
632 775 830 835 veniet,
860 774 1302 842 quemadmodum
1328 790 1447 824 eum
1473 772 1895 842 viiletiseniiti-m
1925 772 1973 823 in

408 849 623 901 «uelum.
675 841 954 897 Descendit
984 854 1157 894 autem
1191 844 1477 894 secundum
1525 841 1728 893 Domini
1774 842 1975 903 pollici-

412 918 660 969 tationem
689 924 900 967 sanctus
930 923 981 962 et
1008 912 1297 964 viviﬁi'alor
1325 913 1549 976 Spiritus
1573 926 1732 977 super
1765 920 1977 975 aposto-

412 987 487 1037 los
511 999 693 1038 mense
718 982 1019 1041 Artemisio,
1050 984 1133 1049 qui
1169 992 1250 1035 est
1275 983 1457 1043 .‘tlaiiis,
1491 990 1515 1017 ι
1550 995 1615 1033 xv
1643 982 1727 1033 die
1756 982 1971 1041 mensis,

408 1056 492 1106 die
527 1054 813 1115 Dominica,
850 1054 972 1102 hora
1004 1066 1084 1113 ιιι,
1116 1061 1305 1117 agente
1339 1053 1673 1117 praesulatum
1714 1053 1761 1100 in
1793 1050 1972 1102 Juda-a

409 1126 594 1176 eodem
623 1122 809 1175 Pontio
848 1121 1033 1183 l‘ilato,
1060 1124 1145 1187 qui
1175 1123 1476 1189 adsignatus
1504 1120 1669 1172 fuerat
1690 1120 1973 1185 principari

410 1193 549 1260 genti
575 1192 877 1246 .ludmorum
909 1191 974 1243 ab
1008 1192 1121 1257 ipso
1148 1191 1361 1243 Tiberio
1385 1192 1708 1260 (aesar-equi
1739 1190 1978 1242 dissultat

409 1277 626 1331 regnum
644 1263 966 1325 Jtidieoruin,
989 1262 1321 1313 etconstituit
1349 1259 1424 1313 eis
1447 1259 1729 1326 principem
1751 1273 1978 1323 praeesse

406 1335 843 1401 qualemcumque
870 1331 1142 1392 voluisset,
1176 1334 1273 1382 sub
1306 1332 1608 1398 pontiﬁcatu
1639 1331 1975 1383 sacerdotum

406 1400 710 1456 J'udtcorurn
745 1405 907 1454 Anna?
932 1411 981 1453 et
1011 1400 1222 1466 tlaiplize
1251 1403 1300 1454 ιι.

436 1501 443 1509 -
478 1474 565 1526 12.
609 1473 717 1525 lloc
746 1484 971 1538 namque
996 1469 1110 1521 loco
1135 1470 1255 1523 licet
1300 1468 1561 1533 inSpicere
1589 1467 1834 1536 quicquid
1863 1483 1978 1534 pcr-

409 1542 587 1596 tulerit
629 1542 871 1595 (Lbristus
920 1541 1062 1591 salus
1115 1550 1166 1593 et
1219 1544 1511 1606 redemptio
1554 1550 1751 1601 nostra,
1801 1540 1975 1591 omnia

406 1627 551 1677 gesta
594 1626 711 1664 esse
752 1613 801 1663 in
849 1609 1059 1661 homine
1118 1611 1272 1672 pleno
1310 1625 1428 1663 cum
1478 1608 1607 1661 Deo.
1657 1608 1785 1660 Nam
1838 1611 1975 1671 quod

407 1682 648 1736 Christus
676 1695 768 1746 per
795 1681 1036 1749 angelum
1068 1678 1268 1747 Virgini
1302 1681 1589 1739 nuntiatur,
1623 1679 1686 1749 ad
1716 1694 1975 1731 cvacnan—

406 1754 531 1806 dum
562 1751 837 1805 consilium
868 1748 1133 1816 Serpentis
1159 1750 1222 1802 ad
1256 1751 1416 1803 Evam
1453 1750 1501 1801 in
1534 1748 1795 1815 paradiso.
1824 1748 1973 1814 Quod

408 1833 581 1875 autem
621 1821 686 1874 de
725 1819 934 1886 Virgine
979 1833 1131 1874 natus
1178 1829 1279 1884 est,
1336 1829 1549 1887 propter
1598 1822 1975 1881 protoplastum

414 1894 597 1957 Atiam,
628 1906 784 1960 quam
820 1891 885 1943 de
930 1890 1125 1957 virgine
1165 1903 1301 1943 terra
1341 1899 1391 1942 et
1429 1888 1697 1960 impolluta
1729 1889 1793 1940 ad
1838 1904 1983 1960 suam

413 1965 534 2016 fecit
564 1957 874 2029 imaginem;
907 1962 993 2028 qni
1022 1975 1140 2012 cum
1171 1963 1425 2014 suadente
1457 1957 1669 2029 diabolo
1699 1958 1884 2010 mortis
1910 1960 1987 2010 in-

408 2033 657 2085 currisset
678 2028 919 2093 exitium,
950 2045 979 2081 a
1008 2032 1121 2083 solo
1148 2031 1274 2083 Doni
1301 2046 1367 2082 no
1385 2028 1596 2083 Christo
1620 2042 1795 2081 rerum
1826 2044 1981 2096 repa-

413 2114 645 2155 ratoreet
670 2101 944 2153 conditore
967 2099 1080 2167 ejus
1104 2102 1344 2167 corporis
1365 2108 1417 2151 et
1437 2100 1647 2161 aiiiinie,
1668 2112 1759 2163 per
1778 2099 1989 2151 immor—

411 2174 659 2225 talitaem
678 2171 1134 2234 Christi,restaura
1146 2182 1286 2221 retur
1299 2167 1797 2231 domicilitiin.Quod
1812 2179 1984 2221 autem

416 2244 607 2295 decimi
637 2242 836 2295 mensis
865 2244 1080 2293 limitem
1112 2239 1373 2308 tet'gisct
1400 2240 1450 2292 iii
1479 2237 1707 2306 Virginis
1737 2246 1905 2298 utero.
1937 2238 1986 2290 id

413 2326 493 2363 est
520 2313 632 2364 dies
659 2327 711 2363 vr
740 2326 896 2376 supra
931 2325 1112 2363 mense
1143 2326 1281 2361 nono
1312 2310 1609 2377 perliciens,
1642 2308 1780 2374 quod
1814 2308 1988 2361 nullus

411 2398 471 2434 ex
506 2382 625 2435 liliis
664 2383 932 2433 lmmimm
980 2380 1142 2448 tangit
1183 2392 1408 2432 metrum
1474 2377 1742 2448 nascendo
1774 2392 1867 2445 per
1904 2394 1989 2431 se-

413 2468 552 2515 men,
587 2454 685 2504 nisi
716 2450 859 2506 solus
890 2447 1128 2503 (.‘hiisais
1171 2465 1322 2503 rerus
1364 2448 1529 2502 Filius
1556 2447 1647 2500 Dei
1676 2455 1731 2500 et
1758 2448 1989 2502 hominis

412 2524 528 2575 sine
554 2523 757 2575 semine
786 2530 940 2573 natus
961 2535 1025 2573 cx
1058 2522 1288 2587 virg3ne;
1325 2523 1390 2571 ita
1425 2530 1479 2570 nt
1509 2518 1635 2570 liant
1660 2517 1777 2571 dies
1807 2520 1858 2570 iii
1885 2534 1985 2570 una

414 2591 672 2645 collectio.
696 2606 726 2645 e
754 2590 1024 2644 COI:S||'iCIi
1049 2604 1292 2653 ccuxvr,
1323 2589 1409 2657 qui
1437 2589 1566 2641 ﬁunt
1597 2588 1877 2656 allegorice
1907 2588 1987 2641 \el

415 2677 507 2727 per
545 2663 769 2732 typii‘am
797 2661 1176 2732 qna'stionem;
1208 2659 1348 2732 quod
1379 2661 1490 2726 ipse
1518 2657 1704 2732 affatus
1727 2658 1783 2732 _i_n
1810 2657 1984 2732 Eran-

409 2732 547 2796 gelio
567 2727 687 2783 ait:
721 2731 920 2783 Soliite
950 2732 1203 2797 templum
1238 2730 1358 2793 hoc,
1388 2739 1439 2783 et
1467 2743 1565 2796 ego
1592 2727 1643 2779 in
1675 2727 1842 2780 tribus
1872 2729 1990 2783 die-

414 2805 512 2857 bus
543 2800 813 2856 suscitabo
844 2801 993 2857 illud.
1039 2800 1140 2855 Sed
1173 2798 1337 2853 ιιι.όωὶ
1372 2800 1675 2867 ignorantes
1703 2797 1987 2865 capitulum

414 2873 656 2936 rationis,
714 2871 1047 2937 protulerunt
1102 2868 1461 2922 testinioni..iii
1513 2867 1782 2932 veritatis,
1823 2880 1875 2922 et
1920 2870 1986 2921 ita

410 2941 633 2994 Domino
666 2942 963 3008 re5p0iiden
991 2956 1048 2995 es
1089 2941 1236 2992 aiunt
1265 2958 1276 2991 :
1310 2955 1372 2992 λι,
1398 2948 1451 2992 et
1480 2953 1528 2991 vr
1563 2952 1729 3008 annos
1757 2938 1989 2992 a-ditica-

416 3027 521 3064 tuin
548 3022 627 3067 est
656 3007 904 3078 templum
938 3012 1057 3076 hoc,
1101 3020 1152 3063 et
1183 3017 1235 3062 tu
1272 3025 1319 3062 in
1350 3010 1516 3063 tribus
1545 3007 1733 3062 diebus
1758 3010 1986 3062 suscita-

414 3083 493 3135 bis
524 3082 685 3135 illud?
719 3082 807 3136 ille
835 3094 1042 3146 autem,
1081 3081 1246 3149 inquit
1272 3078 1591 3146 evangelista
1619 3118 1633 3141 ,
1674 3079 1883 3131 dicebat
1911 3083 1978 3131 de

417 3152 615 3219 templo
644 3152 881 3217 corporis
908 3131 1197 3218 sui,'cnjtis
1223 3131 1672 3216 dispensationem
1697 3150 1981 3217 adprehen-
2012 3131 2055 3192 (ἶ

416 3230 543 3275 dere
584 3224 932 3285 nequiverunt
962 3221 1163 3282 Judaei,
1214 3220 1441 3287 ideoque
1490 3233 1768 3271 numerum
1816 3233 1986 3273 anno-

414 3306 529 3343 rum
559 3292 923 3343 mdiiicationis
964 3291 1176 3358 templi,
1216 3286 1363 3356 quod
1390 3290 1497 3342 veri
1549 3288 1730 3354 templi
1764 3286 1984 3341 foimain

416 3360 673 3429 gerebat,
726 3361 947 3414 Domino
981 3361 1313 3427 protulerunt
1341 3377 1351 3411 :
1382 3374 1537 3427 qua-ni
1570 3372 1848 3429 numerum
1882 3374 1986 3412 non

414 3427 510 3485 sub
561 3430 846 3486 Salomone
893 3432 1165 3484 conditore
1214 3428 1452 3496 ejusdem
1502 3427 1705 3494 templi,
1753 3428 1845 3482 sed
1890 3431 1987 3482 sub

412 3500 738 3567 Zorobabel,
795 3503 883 3569 qui
930 3513 980 3554 ct
1032 3501 1256 3566 Esdras‘,
1307 3507 1661 3569 restauratore
1702 3499 1988 3567 contigisse

416 3572 730 3639 perlegitur;
776 3567 840 3625 eo
888 3572 1023 3637 quod
1070 3581 1283 3638 gentes,
1326 3584 1447 3638 quie
1488 3570 1537 3621 in
1567 3567 1785 3622 circuitu
1814 3581 1987 3635 erant,

414 3657 550 3710 opus
577 3643 960 3709 praipedibant.
992 3642 1121 3694 Nam
1145 3640 1393 3695 Salomon
1423 3639 1576 3693 annis
1604 3653 1675 3691 vti
1704 3640 1989 3708 complevit

414 3727 544 3780 opus
571 3712 780 3765 aediﬁco
810 3714 985 3778 templi
1019 3713 1242 3765 Domini.

486 3782 570 3836 13.
616 3784 819 3836 Etenim
849 3784 1003 3835 Jesns
1032 3794 1215 3836 noster
1257 3778 1502 3847 paciﬁcus
1541 3777 1789 3834 Salomon
1822 3779 1989 3834 indili-

416 3854 557 3905 eavit
586 3852 681 3905 sibi
712 3869 803 3919 per
830 3854 1143 3919 sapientiam
1175 3854 1225 3905 in
1257 3850 1477 3917 Virgine
1520 3852 1879 3904 sacratissima
1908 3850 1989 3903 sui

416 3924 650 3990 corporis
673 3923 922 3989 templum
954 3939 1045 3988 per
1077 3924 1217 3975 hiiiic
1246 3934 1523 3974 numerum
1548 3933 1811 3986 sanetum,
1836 3921 1885 3974 id
1912 3932 1992 3973 est

424 4008 515 4058 per
545 4008 731 4047 novem
758 4008 966 4046 menses
996 4003 1048 4045 et
1076 3995 1189 4045 dies
1210 4006 1325 4044 sex.
1381 3994 1512 4055 Quia
1543 3992 1717 4043 omnis
1747 3991 1991 4045 natititas

419 4062 662 4125 masculi,
691 4064 879 4116 decimi
912 4064 1109 4116 mmsis
1140 4065 1302 4129 tangit
1337 4060 1503 4124 initia,
1535 4070 1589 4115 et
1617 4063 1691 4113 sic
1718 4063 1896 4128 prodit
1924 4062 1988 4114 ad

419 4133 573 4201 illljtls
606 4135 725 4187 vita:
758 4138 1007 4201 patentia.
1036 4133 1166 4186 Nam
1210 4131 1313 4185 hoc
1350 4131 1536 4184 ordine
1575 4132 1867 4184 secundum
1897 4147 1987 4184 air

420 4206 719 4257 ctoriuiicin
752 4208 1008 4270 majorum
1036 4212 1335 4256 nostrorum
1363 4214 1520 4270 atque
1546 4204 1776 4269 priorum
1801 4202 1992 4255 dicitur

417 4285 507 4326 aut
540 4275 729 4343 legitur
757 4288 966 4340 generis
1010 4274 1220 4326 humani
1252 4274 1548 4339 conceptio,
1583 4273 1722 4340 quod
1765 4287 1857 4340 per
1898 4288 1989 4326 sex

419 4345 530 4397 dies
561 4342 711 4397 lactis
742 4344 1137 4396 Sttnilituditiettt
1189 4345 1388 4396 Italicus
1411 4342 1554 4411 jacet
1585 4358 1768 4395 semen
1802 4344 1853 4396 itt
1882 4344 1992 4396 tul-

420 4427 512 4477 va;
553 4413 743 4467 dehinc
789 4416 1115 4466 convertitur
1156 4415 1205 4465 iri
1250 4428 1558 4481 sanguinein
1588 4427 1755 4479 usque
1783 4417 1845 4465 ad
1875 4413 1990 4466 dies

2076 506 2276 545 sextam
2307 509 2460 555 quam
2494 494 2722 563 mundus
2745 493 2930 555 agebat
2958 503 3189 557 (ntalem,
3220 494 3344 547 dum
3376 493 3650 563 reparator

2074 578 2182 615 suae
2211 563 2423 615 fabrica:
2451 562 2741 625 adveniret,
2765 571 2817 613 et
2846 564 3132 628 perlectam
3165 566 3529 632 penitentiam
3556 584 3649 629 per

2077 648 2355 685 numerum
2385 632 2722 698 perfectionis
2753 632 3169 701 quadragesima:
3196 633 3453 701 jejunium
3480 639 3653 700 pinni-

2078 704 2306 755 tentibns
2327 703 2737 755 demonstraret.
2768 700 2916 755 Unde
2936 712 2989 755 et
3014 704 3125 769 Ipse
3148 700 3392 758 Salvator
3416 715 3652 768 tempta-

2078 782 2160 824 tus
2189 787 2215 822 a
2245 772 2456 825 diabolo
2505 774 2646 825 velut
2693 774 2878 833 homo,
2933 773 3105 825 victor
3134 775 3356 828 exstitit.
3405 775 3469 831 Ut
3515 774 3659 830 Dens

2075 856 2203 907 ergo
2244 858 2337 908 per
2367 842 2832 909 quadragesimum
2887 850 2942 895 et
2988 852 3193 896 sextum
3228 860 3507 899 numerum
3541 855 3653 902 ter-

2078 912 2310 979 tinrnqne
2333 913 2678 978 duplicatum,
2707 927 2916 963 onmem
2943 911 3152 965 humani
3184 918 3394 981 generis
3418 932 3654 970 massam

2078 982 2126 1033 in
2160 998 2313 1051 unam
2351 981 2467 1035 ﬁdei
2500 981 2865 1034 fermentando
2883 984 3651 1051 coagulavitconsparsionvm.

2150 1049 2236 1103 Μ.
2272 1052 2419 1117 Quod
2451 1061 2627 1105 autem
2659 1067 2720 1103 ex
2755 1052 2979 1105 femineo
3008 1053 3179 1107 editus
3211 1049 3414 1115 ventre,
3448 1058 3653 1122 positus

2080 1121 2128 1172 in
2180 1122 2461 1189 praesepio,
2518 1122 2705 1187 pannis
2750 1132 2829 1174 est
2881 1122 3182 1187 obvolutus,
3240 1121 3459 1190 prOpter’
3502 1128 3652 1181 illum

2079 1193 2432 1263 versiculum,
2465 1207 2569 1263 quo
2603 1190 2758 1244 Dat-id
2788 1190 3135 1263 jurejurando
3170 1194 3308 1247 Deus
3339 1199 3653 1263 promiserat

2077 1262 2257 1313 diceris
2302 1278 2315 1315 :
2362 1261 2433 1314 De
2474 1261 2641 1313 fructu
2685 1262 2882 1316 ventris
2924 1264 2994 1314 tui
3041 1277 3227 1329 ponam
3268 1261 3427 1330 super
3470 1268 3651 1320 sedem

2079 1340 2246 1403 tuam.
2296 1332 2623 1403 Praesepinrn
2660 1332 3076 1403 tottismnndds
3125 1333 3407 1396 adseritur,
3450 1334 3499 1388 in
3546 1353 3654 1403 quo

2078 1403 2187 1452 siris
2230 1401 2483 1467 jumentis
2532 1401 2931 1453 rationabilibus
2982 1403 3228 1469 pabulum
3282 1401 3653 1459 subministrat

2082 1469 2334 1523 Dominus
2367 1472 2673 1535 maiestatis.
2732 1470 2923 1524 l‘aiiuis
2947 1487 3068 1524 vero
3097 1474 3412 1537 advolvitur,
3446 1487 3655 1529 nostras

2081 1542 2321 1593 riii~erias
2358 1541 2626 1609 patiendo,
2662 1543 2710 1593 in
2742 1540 2931 1607 quibus
2967 1542 3223 1596 adhibens
3257 1546 3410 1597 nobis
3448 1550 3653 1611 empta-

2080 1625 2219 1673 sira,
2271 1612 2463 1663 nostris
2504 1611 2810 1663 vulneribus
2852 1612 3087 1663 exhibuit
3134 1614 3464 1667 iiiediciuam.
3498 1618 3654 1680 ριοά

2081 1690 2257 1765 autem
2292 1684 2339 1765 in
2373 1681 2642 1765 itezhleem
2674 1680 2819 1734 Jndre
2853 1680 3258 1765 civitateDavid
3292 1699 3503 1765 nasciere
3545 1686 3658 1765 (ita

2014 1769 2056 1827 [ς
2083 1752 2222 1818 cod.)
2256 1752 2420 1827 voluit
2460 1752 2994 1827 (Jlrristtis,_propto_'r
3031 1752 3156 1827 illud
3198 1754 3335 1827 quod
3381 1764 3501 1808 ante
3544 1752 3657 1822 jam

2094 1822 2486 1891 pronuntiatum
2526 1820 2693 1874 fuerat
2734 1821 2897 1874 Jiiroh
2937 1820 3191 1889 fugienti,
3222 1823 3345 1876 dum
3376 1820 3659 1891 SOporatus

2090 1892 2285 1961 scalam
2321 1891 2387 1943 ibi
2419 1889 2481 1943 ad
2514 1891 2705 1944 cmlnin
2751 1905 2916 1957 usque
2953 1891 3313 1957 eousiiii-eret,
3345 1905 3398 1946 et
3440 1889 3660 1961 angelos

2096 1960 2183 2012 Dei
2231 1961 2581 2014 ascendentes
2610 1972 2659 2014 et
2690 1960 3071 2015 descendentes
3109 1962 3349 2024 vidisset,
3395 1975 3446 2017 et
3492 1960 3656 2018 lieiinr

2096 2030 2145 2081 in
2170 2029 2382 2082 'suainio
2413 2031 2712 2083 incubuisse
2751 2032 3030 2096 aspiceret,
3063 2032 3191 2084 dixit
3221 2050 3231 2084 :
3294 2034 3389 2086 llic
3421 2042 3504 2087 est
3534 2051 3658 2090 vere

2091 2100 2276 2151 donius
2335 2100 2455 2164 Dei,
2519 2110 2569 2151 cl
2614 2110 2761 2169 porta
2818 2099 2973 2164 cmli;
3020 2102 3157 2153 unde
3212 2105 3508 2169 appellatur
3557 2106 3657 2159 Be-

2091 2169 2217 2222 thel.
2256 2170 2315 2222 Et
2348 2171 2591 2235 lapidein,
2617 2170 2859 2240 queiuad
2883 2175 3036 2237 caput
3066 2172 3162 2224 sibi
3186 2170 3350 2225 .laeob
3384 2190 3655 2240 posuera',

2092 2240 2572 2311 itisirriilitudinern
2604 2240 2742 2311 illius
2774 2239 2963 2305 lapidis
3004 2242 3269 2309 angularis
3297 2239 3491 2311 (erexit
3520 2245 3570 2297 in
3601 2246 3664 2297 ti-

2095 2309 2281 2378 tulum)
2313 2312 2396 2362 cui
2422 2309 2635 2378 jiinctos
2662 2309 2793 2361 duos
2832 2311 3059 2376 parietes
3087 2327 3117 2364 e
3146 2309 3357 2366 diverso
3388 2314 3659 2368 venientes

2093 2380 2144 2432 in
2168 2379 2457 2447 semetipso
2484 2382 2784 2447 copulavit;
2817 2380 3017 2433 scilicet
3042 2382 3351 2448 pepulornin
3374 2386 3666 2438 connexio-

2096 2464 2219 2523 nein
2256 2448 2580 2523 intimorum
2604 2461 2759 2518 atque
2787 2450 3094 2523 gentilium,
3131 2466 3312 2518 pacein
3344 2455 3395 2505 in
3426 2456 3665 2523 utrisque

2092 2519 2392 2587 perficiens.
2432 2518 2583 2585 Quod
2615 2536 2740 2574 vero
2770 2520 3151 2575 admirabiliter
3190 2535 3220 2574 a
3253 2523 3547 2588 pastoribus
3577 2518 3664 2578 vel

2092 2589 2338 2657 vigilibus
2372 2591 2661 2654 invenitur,
2692 2590 2803 2644 sive
2831 2590 2971 2657 quod
3001 2591 3049 2643 in
3079 2591 3359 2645 cunabulis
3386 2594 3661 2659 adorator,

2094 2667 2247 2727 typus
2276 2662 2560 2727 gerebatur
2588 2662 2908 2727 OptitriOtuut
2940 2671 3231 2731 pastorum,
3260 2676 3390 2731 quos
3419 2663 3662 2717 Christus

2092 2731 2473 2797 paterfamilias
2499 2732 2835 2784 constitueris
2889 2746 3048 2798 super
3078 2730 3303 2784 famulos
3334 2741 3387 2784 et
3414 2733 3659 2797 famulas,

2093 2806 2148 2851 ut
2184 2800 2327 2868 juste
2359 2801 2515 2855 tritici
2558 2815 2856 2854 mensuram
2888 2800 3234 2866 distribuant,
3274 2802 3494 2855 sollicite
3523 2804 3654 2855 dili-

2088 2883 2381 2942 genterque
2411 2871 2700 2924 mandavit.
2734 2870 2825 2942 Vel
2853 2872 3013 2933 illius,
3042 2871 3128 2925 cui
3157 2881 3235 2924 ter
3255 2870 3329 2924 ait
3357 2872 3661 2942 injnngens.

2091 2939 2254 2993 Pasce
2296 2955 2420 2994 oves
2468 2956 2635 3006 meas,
2685 2957 2751 2994 ne
2799 2941 3042 3006 luporum
3091 2943 3290 3011 impetu
3339 2939 3667 3011 perturbatae

2093 3024 2284 3077 pascua
2316 3011 2558 3078 perdant,
2587 3011 2636 3065 id
2669 3020 2749 3065 cst
2775 3012 2965 3080 placita
2996 3026 3132 3064 mea.

2293 3081 2441 3146 Quod
2474 3091 2649 3136 autem
2681 3082 2925 3152 aniagis,
2957 3081 3137 3149 primis
3165 3082 3399 3136 omnium
3426 3082 3663 3152 gentium

2092 3149 2233 3203 velut
2275 3152 2547 3204 nationum
2580 3149 3134 3217 priniitiis’adoratur,
3175 3149 3666 3208 omnium—creato-

2092 3235 2203 3273 rem
2235 3231 2286 3274 et
2313 3219 2699 3275 dominatorem
2741 3222 3036 3289 signiﬁcant
3065 3236 3183 3277 esse
3211 3231 3521 3287 venturum;
3552 3232 3608 3276 et
3634 3239 3667 3277 a

2090 3290 2335 3412 gentibus
2376 3292 2636 3345 creditum
2682 3293 2743 3345 iri
2788 3301 2946 3360 atque
2990 3292 3041 3345 in
3084 3307 3363 3348 munerum
3394 3292 3670 3347 oblatione

2118 3364 2259 3412 )euin
2311 3370 2365 3412 et
2416 3377 2633 3412 regem:
2690 3362 2784 3412 sed
2840 3372 2893 3412 et
2947 3362 3010 3412 ad
3063 3363 3288 3412 victimae
3340 3363 3669 3412 sepulturam

2118 3364 2259 3413 )euin
2311 3370 2381 3431 et
2416 3377 2633 3429 regem;
2690 3362 2784 3417 sed
2840 3372 2893 3415 et
2947 3362 3010 3416 ad
3063 3363 3288 3417 victimae
3340 3363 3669 3431 sepulturam

2093 3432 2308 3498 myrrha
2355 3430 2550 3485 dicitur
2593 3433 2905 3499 distributa,
2959 3442 3015 3485 ut
3060 3447 3152 3501 per
3200 3430 3671 3497 tririam'siieciein

2094 3516 2394 3569 munerum,
2429 3503 2477 3555 id
2506 3510 2587 3555 est
2612 3518 2706 3571 per
2730 3517 2913 3556 aurum
2937 3502 3066 3570 regi.
3094 3504 3215 3556 thus
3241 3502 3371 3563 Deo,
3400 3504 3673 3572 myrrham

2094 3573 2377 3641 morituro,
2426 3581 2671 3641 tanquam
2704 3588 2804 3625 una
2836 3573 3005 3626 deitas
3033 3572 3199 3625 Patris
3225 3585 3277 3627 et
3306 3573 3423 3626 Filii
3457 3588 3520 3626 ac
3549 3572 3677 3639 Spi—

2093 3640 2229 3694 ritus
2268 3636 2436 3695 sancti
2459 3681 2473 3704 ,
2503 3636 2683 3696 saneta
2715 3652 2768 3697 et
2798 3642 3067 3696 individua
3099 3643 3330 3697 Trinitas
3358 3636 3676 3697 adoraretur

2094 3712 2146 3764 in
2190 3711 2423 3774 Christo,
2472 3714 2784 3767 crederetur
2828 3714 2879 3766 in
2927 3713 3142 3772 mundo,
3194 3714 3570 3782 prtedicaretur
3617 3713 3673 3766 in

2093 3782 2356 3850 gentibus.
2384 3782 2534 3848 Quod
2565 3784 2717 3836 stella
2746 3783 2989 3837 ducatum
3020 3785 3186 3851 magis
3217 3782 3523 3851 prebuerit,
3549 3796 3675 3851 pro-

2096 3862 2211 3919 pter
2242 3851 2365 3905 illud
2397 3853 2536 3920 quod
2568 3854 2758 3922 legitur
2798 3871 2809 3906 :
2855 3853 3067 3907 Orietur
3108 3854 3297 3918 stella,
3351 3853 3551 3922 inquit.
3602 3852 3677 3906 de

2094 3923 2277 3985 Jacob,
2324 3930 2379 3975 et
2424 3921 2674 3976 ascendet
2707 3923 2867 3978 homo
2912 3925 2964 3977 in
3014 3923 3249 3988 Israhel,
3282 3932 3339 3977 et
3375 3921 3677 3989 confringet

2095 4006 2279 4045 omnes
2301 3993 2464 4045 duces
2491 3992 2930 4061 alienigenarum.
2963 3994 3027 4047 Et
3048 3994 3175 4045 illud
3207 4012 3219 4046 :
3251 3996 3448 4048 Omnes
3474 4007 3502 4044 a
3528 3993 3675 4045 Saba

2099 4063 2328 4130 venient,
2362 4062 2594 4118 ferentes
2625 4079 2844 4129 aurum,
2872 4068 2992 4117 thus
3021 4073 3076 4118 et
3106 4066 3407 4132 myrrham,
3438 4063 3677 4116 salutare

2098 4132 2303 4185 Domini
2352 4135 2672 4203 nuntiantes.
2709 4135 2860 4200 Quod
2893 4143 3064 4187 autem
3100 4144 3412 4203 persecutus
3452 4134 3519 4186 ab
3560 4132 3672 4185 He-

2095 4202 2224 4256 rode
2251 4202 2458 4274 perﬁdq
2482 4218 2604 4274 rege
2632 4214 2986 4274 cruentaque,
3021 4216 3074 4256 ut
3106 4202 3674 4274 adimpleretur_Scri-

2097 4283 2247 4340 ptura
2276 4287 2393 4341 quae
2430 4272 2558 4327 dicit
2587 4290 2600 4325 :
2639 4274 2746 4328 Vox
2776 4274 2827 4328 in
2859 4271 3090 4338 excelso,
3123 4274 3223 4327 hoc
3261 4271 3342 4328 est
3387 4273 3437 4326 io
3478 4271 3670 4332 Rama.

2092 4344 2268 4396 andita
2299 4354 2411 4408 est,
2460 4343 2695 4411 ploratus
2727 4354 2779 4398 et
2809 4345 2983 4399 luctus
3013 4358 3266 4412 magnus;
3313 4342 3507 4397 Rachel
3548 4343 3677 4409 plo-

2098 4428 2220 4466 rans
2267 4413 2402 4468 filios
2451 4428 2596 4480 suos,
2644 4424 2699 4469 et
2742 4416 2911 4468 noluit
2957 4416 3221 4469 consolari
3271 4414 3517 4481 quoniam
3565 4427 3677 4467 non

427 4498 570 4548 vrttt;
598 4484 791 4537 deinde
821 4495 1041 4549 augetur
1073 4497 1239 4554 usque
1268 4484 1331 4533 ad
1363 4497 1463 4545 iiii;
1497 4492 1547 4535 et
1576 4485 1774 4554 deliine
1794 4483 1995 4534 addnn-
2026 4490 2077 4548 1)
2100 4495 2250 4554 sunt.
2273 4484 2481 4539 liilusus
2511 4500 2737 4554 namque
2764 4501 2793 4538 a
2824 4486 2990 4553 magis
3028 4486 3178 4538 swvit
3220 4484 3459 4537 Herodes
3484 4482 3677 4535 adver-

421 4564 503 4606 tur
531 4570 560 4607 Χ
575 4563 627 4608 ει
653 4569 740 4606 vni
764 4555 880 4622 ;qui
896 4570 1018 4607 mox
1032 4552 1347 4619 co:ignlatnr
1360 4564 1411 4604 et
1435 4554 1674 4605 teriditad
1690 4552 1994 4605 liniamenta

422 4627 780 4677 membrorum
814 4640 861 4675 γι
897 4634 949 4677 ει
981 4640 1111 4685 vnn,
1143 4638 1214 4677 λιι
1241 4632 1293 4676 ει
1321 4638 1469 4686 xvm,
1496 4625 1625 4675 ﬁunt
1670 4623 1824 4676 simul
1849 4638 1945 4675 ην
1981 4640 1992 4675 :

420 4696 585 4747 addes
611 4710 794 4757 unum,
819 4704 870 4746 rt
895 4696 1025 4747 fiunt
1048 4708 1189 4756 χιιι,
1215 4704 1268 4746 ει
1300 4693 1419 4745 inde
1441 4693 1590 4746 ducis
1615 4707 1707 4760 per
1730 4702 1926 4759 partes,
1948 4694 1996 4745 id

420 4768 691 4818 est:exics
712 4765 1029 4831 quadrageni
1052 4779 1185 4819 ccxr.
1212 4780 1225 4816 :
1249 4764 1505 4817 etiterum
1533 4764 1668 4816 idem
1689 4778 1780 4829 per
1794 4778 1995 4817 sexram

421 4850 509 4886 sex
557 4836 669 4888 seni
715 4850 871 4888 xxxvi
918 4837 1110 4888 trrcies
1159 4835 1354 4891 sexies.
1402 4834 1492 4900 qui
1544 4832 1597 4886 in
1641 4848 1743 4887 una
1786 4848 1993 4887 summa

420 4906 550 4957 limit
573 4920 815 4960 ccuxvi.
855 4906 919 4958 Et
950 4906 1066 4959 ideo
1094 4906 1145 4957 in
1179 4904 1404 4957 Domino
1436 4905 1550 4956 solo
1580 4918 1681 4956 una
1717 4903 1861 4956 cadit
1882 4906 1994 4957 dies

421 4991 581 5042 super
610 4990 709 5029 XLV
738 4986 954 5043 propter
983 4975 1306 5043 smgnlareni
1337 4975 1453 5042 ejus
1482 4973 1900 5027 incarnationem
1928 4976 1995 5028 de

422 5047 645 5113 virgine,
674 5049 790 5100 sine
831 5053 1172 5113 corruptione
1201 5047 1314 5098 sive
1369 5044 1720 5114 glutinatione
1749 5045 1989 5097 seminis.

422 5116 501 5169 Eo
529 5116 668 5184 quod
719 5118 1006 5170 secundum
1060 5126 1239 5184 typum
1286 5113 1631 5168 historiabilis
1673 5115 1876 5182 templi.
1926 5130 1993 5168 xi.

420 5197 474 5238 et
501 5201 551 5240 vi
580 5186 731 5239 annis
754 5187 1022 5250 aedificati,
1060 5187 1127 5240 ita
1158 5186 1404 5238 Christus
1431 5198 1625 5251 corpus
1650 5184 1995 5240 humanitatis

420 5271 529 5311 suae
559 5271 652 5325 per
679 5257 816 5310 hunc
838 5258 1058 5326 gradum
1090 5264 1393 5326 restaurans
1426 5256 1678 5326 parietem
1706 5256 1756 5326 in
1777 5265 1992 5326 semet.

422 5324 744 5396 ipso,’quem
772 5328 825 5381 in
848 5324 1023 5380 'Adain
1053 5328 1162 5379 suis
1190 5324 1558 5378 fraudulentiis
1613 5324 1854 5396 diabolus
1880 5326 1991 5378 cal-

420 5397 558 5451 lidus
606 5394 833 5466 Serpens
882 5398 1204 5459 ruinaverat,
1237 5396 1377 5448 illius
1433 5396 1664 5449 salutare
1711 5394 1991 5447 mdiﬁciurn

421 5478 773 5534 restauraret;
803 5478 855 5522 et
889 5482 1095 5536 passus,
1132 5474 1251 5535 post
1281 5466 1495 5518 tertium
1536 5466 1674 5536 diem
1705 5479 1991 5533 numquam

420 5540 711 5592 moriturus
753 5534 1018 5609 erigeret;
1047 5546 1103 5592 ct
1138 5534 1226 5592 ’sic
1254 5551 1466 5590 onmem
1509 5534 1777 5590 hominem
1806 5550 1835 5589 a
1865 5536 1994 5590 sub~

490 5681 515 5707 ι
542 5669 783 5740 Malalas,
816 5690 921 5728 ειν.

2102 4570 2193 4608 ευε
2219 4553 2524 4620 Christum,
2570 4565 2627 4611 et
2653 4553 2818 4623 iquasi
2859 4565 3039 4624 posset
3078 4558 3212 4608 inter
3250 4562 3473 4624 caeteros
3513 4566 3676 4624 unum

2101 4624 2377 4693 jugulare,
2412 4640 2568 4694 quem
2594 4621 2697 4681 sibi
2723 4621 3011 4680 succedere
3041 4626 3200 4677 miser
3229 4623 3478 4694 timebat,
3508 4621 3677 4674 millia

2106 4692 2445 4761 parvulorum
2479 4696 2530 4749 in
2562 4710 2785 4765 persona
2818 4696 2971 4749 unius
2999 4694 3213 4749 infantis
3244 4692 3435 4761 impius
3461 4702 3515 4745 et
3542 4706 3682 4746 cru-

2106 4765 2241 4817 delis
2283 4764 2573 4818 rnaclavit.’
2599 4766 2703 4819 Sed
2743 4766 2809 4820 ab
2853 4765 3041 4832 angelo
3080 4774 3267 4817 sancto
3307 4764 3554 4832 monitus
3581 4776 3683 4828 per

2106 4835 2275 4887 visum
2300 4832 2497 4901 Joseph
2528 4836 2643 4889 tulit
2673 4851 2891 4903 puerum
2923 4831 3042 4888 cum
3076 4845 3246 4887 matre
3273 4833 3470 4903 ejusiin
3504 4831 3679 4900 Eg)-

2098 4912 2279 4973 ptunt;
2322 4916 2376 4960 et
2420 4906 2656 4959 Herodes
2676 4902 2867 4959 contra
2900 4920 3053 4959 suum
3081 4904 3338 4973 judicium
3368 4902 3483 4957 sine
3512 4916 3681 4955 causa

2100 4990 2380 5044 parvorum
2430 4978 2768 5030 innocentum
2834 4974 3057 5030 crimine
3131 4989 3366 5045 pressus,
3414 4973 3683 5028 infantum

2104 5046 2408 5113 pernecavit
2436 5050 2750 5100 exercitum.

2170 5114 2257 5167 16.
2300 5116 2449 5181 Quod
2478 5126 2652 5170 autem
2685 5116 3138 5170 circumcisionem
3164 5114 3407 5170 Christus
3436 5114 3488 5166 in
3510 5125 3684 5166 carne

2096 5186 2403 5253 pertulerit,
2448 5197 2662 5255 propter
2702 5186 2826 5239 illud
2858 5184 3001 5254 quod
3042 5187 3324 5254 Apostolus
3362 5185 3480 5255 ait:
3513 5182 3681 5255 {Styri-

2098 5251 2236 5307 stuin
2267 5256 2410 5308 enim
2432 5251 2461 5321 ,’
2496 5251 2694 5325 inquit,
2737 5251 3036 5309 ministrum
3066 5251 3491 5325 circumcisionis
3516 5251 3688 5307 fuisse

2098 5327 2418 5379 credendum
2449 5337 2551 5390 est,
2572 5324 2631 5380 et
2663 5328 2794 5384 illud
2814 5329 2875 5379 de
2907 5327 3089 5380 Emdo
3117 5343 3131 5382 :
3156 5326 3287 5380 Cum
3316 5324 3687 5393 proﬁciscere-

2102 5405 2186 5447 tur
2227 5396 2433 5465 Moyses
2475 5400 2769 5463 imperante
2814 5397 3035 5451 Domino
3066 5400 3130 5450 ad
3162 5395 3465 5466 A‘Igyptum,
3498 5404 3556 5466 et
3596 5410 3689 5444 sc-

2101 5480 2223 5519 cuni
2262 5463 2605 5521 comitaretur
2645 5470 2835 5535 conjux
2866 5483 2988 5520 cum
3022 5469 3219 5531 liberis,
3234 5463 3486 5519 'occurrit
3509 5463 3558 5516 ei
3588 5479 3691 5535 arr-

2102 5539 2283 5606 gelus,
2340 5539 2638 5593 interﬁcere
2687 5533 2830 5591 illum
2881 5541 3083 5594 Vutcus.
3138 5538 3219 5594 Ad
3267 5535 3405 5607 quod
3456 5533 3693 5591 attonita

494 5744 519 5782 ιο
563 5743 821 5798 Hactenus
852 5755 1027 5800 noster
1058 5744 1503 5815 Clirnnograplius
1535 5746 1840 5814 plerumque
1871 5741 2109 5797 Malalam
2134 5750 2344 5795 secutus
2365 5749 2462 5797 cst.
