4022 6200
421 321 558 375 1160

1537 312 1919 369 CliliONlCON
1964 312 2513 380 ANTIQUISSUIUM

3537 317 3668 371 M70

418 435 694 503 Sepphora
714 474 728 497 ,
766 431 1028 512 accipiens
1056 428 1639 512 lapideincircumcidit
1657 444 1913 511 puerum:
1947 436 1998 512 et
2029 428 2077 486 Δ
2108 430 2295 492 potuit.
2338 430 2489 498 Quod
2520 441 2693 512 autem
2728 433 3011 512 discipulos
3040 449 3115 512 ec
3139 434 3486 512 piscatoribus
3515 436 3667 512 facit.

424 500 642 575 propter
692 502 1001 575 sanguinem
1057 500 1474 575 circuincisionis
1522 503 1703 575 pueri,
1759 504 1996 575 pepercit

420 567 641 641 angelus
688 587 753 625 ne
795 567 1141 641 interﬁceret.
1187 569 1334 625 Unde
1371 570 1775 641 circumcisione
1803 567 2000 641 ChriSti

422 639 598 698 omnis
649 643 775 710 legis
824 645 899 694 ira
943 640 1197 710 cessavit,
1250 648 1309 710 et
1345 640 1561 710 sanguis
1607 639 1723 708 eius
1772 639 2000 710 pondera

422 717 554 767 dura
588 708 740 775 tulit‘;
788 726 853 765 eo
881 710 1020 777 quod
1056 709 1172 761 linis
1216 709 1345 777 legis
1390 708 1652 771 Christus,
1698 709 1787 777 qui
1834 708 2001 761 male-

426 785 624 836 dictqu
672 782 944 834 vetustatis
974 779 1232 838 absolvit,
1278 789 1330 833 et
1376 795 1404 833 a
1447 778 1713 833 servitutis
1753 779 1876 846 iugo
1907 791 2002 830 nos

428 854 690 907 liberavit.
739 850 889 916 Quod
937 860 1110 901 autem
1161 848 1461 902 adcrevisse
1504 849 1699 902 dicitur
1745 847 2000 915 sapientia

425 936 637 991 quoque
679 935 885 991 coram
913 919 1017 991 Deo
1062 927 1112 991 et
1150 918 1488 991 hominibus,
1538 933 1797 991 summam
1844 926 2003 991 atque

426 987 713 1060 perfer-tam
747 988 978 1042 hominis
1028 987 1402 1060 plenitudinem
1450 989 1614 1055 gessit
1664 990 1711 1060 in
1746 1002 1888 1060 :evo;
1932 988 2003 1041 ita

427 1056 485 1113 iit
523 1060 779 1122 incipiens
808 1074 1065 1111 annorum
1110 1074 1209 1110 xxx
1255 1059 1568 1126 baptismum
1601 1056 1936 1109 voluntarius
1977 1072 2003 1109 a

425 1130 667 1185 Johanne
698 1137 901 1197 peteret
946 1128 996 1181 iu
1028 1128 1288 1190 Iordane;
1344 1137 1558 1193 propter
1590 1128 1714 1179 illud
1748 1128 1882 1192 quod
1931 1127 2004 1180 ait

428 1201 712 1265 Apostolus
742 1218 752 1250 :
787 1200 955 1252 donec
981 1211 1194 1258 omnes,
1240 1199 1436 1266 inquit,
1467 1211 1811 1250 occurramus
1842 1197 1891 1249 in
1924 1199 2005 1249 vi-

434 1285 552 1322 rum
605 1270 927 1337 perfectum,
982 1269 1034 1321 in
1092 1281 1392 1321 mensuram
1440 1268 1609 1321 aetatis
1664 1266 2006 1336 plenitudinis

432 1340 650 1394 Christi.

504 1410 589 1461 17.
630 1408 760 1461 Nam
795 1416 847 1462 et
889 1407 1113 1477 primum
1159 1405 1422 1460 hominem
1466 1407 1603 1460 Deus
1632 1416 1786 1461 tetate
1827 1406 2002 1471 perfe-

431 1488 596 1541 ctum,
631 1494 728 1531 nec
760 1496 863 1531 non
895 1488 947 1531 et
986 1477 1254 1530 intellectu
1286 1487 1443 1543 atque
1470 1479 1670 1531 ratione
1704 1479 2000 1544 prmdituin,

434 1560 488 1602 ut
528 1563 639 1601 sum
684 1549 886 1603 scilicet
924 1547 1210 1600 voluntatis
1259 1558 1432 1599 rector
1473 1555 1615 1601 esset
1661 1548 1891 1610 arbitrii,
1941 1548 2009 1602 de

435 1628 575 1673 terra
615 1619 763 1671 linxit
804 1619 1120 1672 incolumem
1163 1616 1431 1683 juvenem,
1477 1626 1529 1670 et
1567 1616 1680 1685 ejus
1728 1618 2007 1685 conjugem

437 1686 606 1757 plenis
633 1688 861 1742 nubilem
892 1687 1065 1747 annis,
1103 1696 1315 1753 pertore
1342 1686 1630 1754 virginem,
1673 1687 1920 1740 decoram
1956 1688 2007 1741 in

2104 507 2162 550 ut
2205 514 2305 552 non
2338 518 2400 553 ex
2443 504 2709 568 Sanguinis
2752 504 3021 555 nobilitate
3071 505 3451 566 plaudendum.
3477 506 3571 557 sed
3604 521 3670 560 ex

2106 582 2395 633 pauperum
2444 586 2603 640 grege
2648 573 2917 626 humiliter
2959 575 3295 627 sentientium
3350 576 3544 640 primas
3592 576 3671 626 iii-

2105 640 2352 693 stitueret
2390 655 2462 692 xii
2497 642 2741 696 Ecclesia!
2770 643 3071 705 COiuanS,
3119 654 3363 706 tanquam
3405 660 3465 696 ex
3507 643 3672 698 .I.tcob

2108 722 2179 759 xit
2210 712 2633 781 congregationis
2682 714 2823 765 illius
2866 715 3222 780 patriarchas;
3274 729 3392 766 nam
3425 730 3671 781 nuaqnm-

2106 791 2208 843 que
2238 779 2408 862 tribus
2442 781 2634 859 I~raliel
2668 779 2903 862 singulos
2933 783 3203 862 apostolos
3233 784 3282 862 i_n
3316 784 3459 862 Sovo
3488 779 3673 862 rem-

2108 857 2307 908 mento,
2361 849 2505 915 quasi
2555 867 2624 905 χιι
2674 848 2873 917 lapides
2922 848 3069 903 vivos
3116 868 3179 905 ex
3230 852 3477 906 Jordanis
3525 848 3703 905 alveu'

2107 917 2447 990 reddiderunt
2469 937 2482 985 ;
2506 930 2559 973 et
2587 923 2663 975 sic
2688 931 2855 974 totum
2882 922 3155 985 mundum,
3186 934 3433 990 tanquam
3465 939 3675 976 mensi-s

2110 986 2267 1058 totius
2315 989 2461 1051 anni,
2511 993 2679 1044 solem
2731 992 2781 1045 iu
2813 1007 2871 1045 se
2911 993 3127 1057 justitize
3170 986 3504 1047 eoutiucntes
3554 1008 3674 1058 per.

2113 1053 2503 1132 lustraverunt;
2534 1068 2588 1132 rt
2616 1062 2819 1115 animas
2850 1053 3093 1115 ﬂuctibus
3124 1063 3290 1115 exsilii
3321 1079 3507 1128 vagat
3543 1053 3672 1132 ι’·ξςῑ-

2106 1125 2187 1197 dis
2221 1126 2309 1197 Dei
2342 1131 2632 1194 przeceptis,
2653 1141 2895 1194 tanquam
2928 1132 2977 1183 in
3002 1133 3100 1183 lina
3129 1132 3267 1197 (sic),
3299 1125 3539 1184 manibus
3574 1130 3675 1183 Ee-
3738 1128 3741 1147 ³

2107 1194 2282 1247 clesiae
2307 1196 2480 1270 medio
2511 1201 2881 1252 concluseruut
2925 1201 3012 1254 Sic
3033 1194 3170 1253 enim
3194 1203 3264 1253 ait
3294 1220 3305 1253 :
3342 1202 3527 1255 Venite
3558 1218 3589 1270 p
3614 1212 3675 1252 ist

2108 1277 2269 1337 meet
2303 1265 2485 1337 faciam
2514 1283 2605 1321 vos
2632 1272 2797 1337 piscat
2820 1284 2917 1323 ires
2945 1271 3054 1323 lieri
3089 1273 3381 1323 hominum.

2182 1334 2268 1387 i9.
2311 1336 2462 1401 Quod
2510 1334 2685 1392 autem
2731 1339 3063 1392 inﬁrmitates
3103 1353 3260 1408 atque
3308 1342 3677 1408 a‘grolationos

2110 1414 2341 1471 nostrast,
2387 1407 2520 1459 sicut
2554 1424 2676 1461 reor
2708 1409 3024 1475 praedixerat
3054 1407 3255 1470 Esaias.
3291 1407 3515 1463 lilii-uter
3547 1426 3677 1476 por-

2111 1477 2333 1539 taverit,
2368 1478 2447 1529 sic
2492 1492 2585 1544 per
2612 1479 2787 1531 omnia
2832 1493 3084 1539 currens,
3115 1480 3560 1547 quemadmodum
3590 1482 3681 1546 gi-

2108 1558 2240 1611 gans
2289 1559 2382 1611 per
2420 1547 2595 1617 viam;
2648 1559 2857 1615 oportet
2905 1548 3164 1615 inspicere
3204 1551 3469 1617 quomodo
3517 1550 3569 1602 in
3624 1565 3683 1603 se

2109 1615 2468 1687 consecrando
2511 1617 2824 1683 Ecclesiam,
2850 1620 3044 1687 gradus
3088 1615 3487 1684 ejus‘singulos
3529 1634 3676 1672 com-

2114 1683 2477 1758 Inetldaverit,
2509 1688 2558 1740 id
2587 1698 2667 1741 est
2699 1704 2789 1753 per
2820 1683 3020 1756 septem
3055 1683 3248 1758 gradus
3278 1689 3441 1741 oflicii
3477 1689 3678 1741 manci-

432 1753 579 1832 oiuni
612 1759 868 1832 membro,
894 1757 1111 1832 jamque
1140 1753 1817 1832 maturaiu,_’iiapulchrum
1841 1758 2008 1811 oculis
2044 1773 2086 1832 Β
2115 1753 2555 1832 pplldalltallario
2585 1753 2897 1832 Stillﬁiverili
2930 1760 3015 1832 qui
3047 1753 3170 1811 ἕυηι
3208 1759 3478 1832 "Sliaritis.
3512 1758 3682 1811 fossa-

436 1830 603 1879 visnm
623 1868 638 1892 ,
666 1828 848 1882 eduxit
874 1843 936 1881 ex
964 1827 1128 1879 latere
1155 1826 1487 1878 dormientis.
1521 1827 1649 1888 Quia
1670 1840 1772 1879 non
1807 1841 2007 1893 parvu-

442 1898 614 1950 lorum
647 1899 874 1951 mutibus
903 1906 993 1949 aut
1035 1897 1309 1948 teneritate
1353 1895 1614 1949 mentium
1640 1912 1918 1962 puerorum
1955 1899 2005 1950 in

438 1981 664 2033 corpore
695 1982 855 2034 parvo
886 1965 1233 2033 quatettlitltn,
1280 1973 1436 2031 atque
1478 1969 1692 2032 pellunt,
1735 1981 2005 2029 manuum.

443 2038 759 2103 linguarum,
807 2052 1112 2090 sermonum
1156 2046 1205 2087 et
1257 2048 1466 2086 aetuum
1518 2035 1864 2102 prmpeditos;
1916 2038 2007 2090 sed

442 2116 621 2168 :rtatc,
663 2107 889 2173 ratione,
922 2107 1187 2158 soliditate
1221 2106 1576 2157 membrorum
1609 2118 1766 2172 atque
1794 2107 2007 2173 sapien-

441 2178 509 2227 tia
541 2179 744 2242 plenos,
792 2178 959 2243 primo
993 2176 1129 2227 Dens
1157 2189 1221 2227 ex
1252 2176 1356 2225 luto
1385 2182 1539 2227 terra:
1570 2176 1757 2228 fet-isse
1789 2178 2010 2229 creden-

438 2248 538 2298 dus
567 2256 672 2309 est,
720 2255 776 2298 ut
819 2262 881 2298 ex
932 2245 1137 2298 illorum
1182 2246 1394 2296 materia
1444 2246 1654 2297 soboles
1697 2256 2005 2298 crearetur:

440 2328 684 2383 tauquam
709 2330 769 2368 ex
802 2316 993 2368 arbore
1024 2316 1154 2367 rami
1188 2315 1266 2367 vel
1302 2312 1497 2365 fruetus
1538 2315 1761 2380 primum
1796 2317 2005 2381 quidem

442 2394 661 2447 tenues,
693 2396 870 2452 postea
900 2385 1009 2451 jam
1041 2384 1157 2450 paul
1180 2386 1287 2435 .tiui
1323 2384 1513 2435 maturi
1544 2385 1623 2437 vel
1661 2384 1794 2436 lirini
1830 2386 2008 2438 viden-

441 2466 525 2533 t_u_r
553 2458 834 2533 prolicere._
870 2454 944 2506 Ita
975 2469 1199 2532 namque
1222 2454 1397 2533 omnis
1422 2464 1623 2533 ‘natura
1656 2456 1803 2506 lirma
1833 2464 1887 2507 et
1918 2468 2007 2507 so-

444 2525 544 2575 lida
589 2526 835 2593 quicquid
882 2526 1159 2592 protulerit
1196 2523 1446 2587 ostendit‘,
1472 2534 1748 2589 reparante
1791 2534 2009 2579 auctore

443 2594 552 2646 Deo
581 2596 703 2646 dum
734 2605 966 2662 generat.
1003 2595 1063 2646 l'lt
1088 2594 1161 2645 sic
1191 2596 1384 2659 quippe
1411 2595 1730 2647 credendum
1761 2604 1861 2657 est,
1890 2596 2009 2660 quia

440 2664 601 2716 humo
629 2665 678 2717 in
713 2664 996 2731 primordio
1020 2665 1184 2714 lactus
1212 2680 1239 2715 a
1274 2663 1516 2727 Domino,
1539 2674 1694 2716 mlitte
1726 2665 2008 2731 legitimus,

438 2743 492 2786 et
523 2744 697 2787 mente
730 2735 931 2801 plenus,
963 2744 1012 2785 et
1042 2747 1206 2796 capax
1238 2734 1486 2797 rationis;
1520 2732 1568 2786 iu
1601 2750 1702 2801 qua
1731 2735 2005 2787 virturiain

438 2814 691 2871 caperet,
733 2804 776 2856 si
811 2804 995 2857 mortis
1028 2804 1334 2871 imperasset
1377 2805 1600 2855 auctori.
1634 2805 1753 2857 Ideo
1785 2820 2010 2872 namque

442 2886 652 2937 pii-nam
682 2874 864 2927 mortis
893 2876 1133 2938 incurrit,
1161 2874 1281 2938 quia
1309 2887 1411 2924 non
1435 2877 1532 2925 sub
1564 2875 1760 2939 parvuli
1791 2884 1932 2928 motu
1959 2884 2011 2927 et

442 2943 652 2995 iulirmo
679 2956 869 3006 sensu,
915 2944 1004 2996 sed
1040 2944 1221 3009 plenus
1251 2952 1454 2995 ratione
1486 2946 1642 2996 homo
1672 2944 1723 2996 iu
1770 2946 2011 3010 paradiso

440 3013 690 3080 (lt-liquit;
745 3015 865 3081 quia
894 3014 1079 3066 scienti
1110 3013 1305 3066 bonum
1339 3013 1511 3066 lacere
1541 3026 1590 3067 et
1625 3028 1727 3066 non
1761 3013 2009 3081 facienti,

442 3092 711 3149 peccatum
741 3094 822 3137 est
864 3084 937 3136 illi
986 3084 1314 3148 imputatum.
1367 3083 1673 3136 lienovatur
1701 3093 1877 3137 autem
1922 3099 2013 3152 per

438 3153 658 3219 gratiam
684 3152 955 3207 Creatoris
984 3154 1071 3221 qui
1103 3169 1205 3206 non
1247 3154 1417 3205 solum
1450 3154 1695 3220 parvulos
1734 3156 2012 3208 c0i-onavit

439 3224 564 3274 dum
608 3231 759 3277 natus
799 3232 901 3286 est,
945 3238 1126 3275 verum
1171 3222 1328 3276 etiam
1373 3222 1639 3276 diabolum
1686 3226 2014 3292 compescuit

438 3306 558 3345 cum
597 3307 780 3360 passus
810 3301 919 3353 est,
951 3292 1198 3345 donando
1241 3293 1391 3344 nobis
1429 3294 1589 3363 quod
1612 3297 1721 3361 ipse
1758 3296 1921 3363 gessit
1964 3297 2016 3349 in

440 3377 602 3416 carne
648 3379 661 3415 :
712 3372 770 3416 ut
818 3363 1224 3417 resurrectionis
1272 3363 1514 3415 similiter
1559 3362 1793 3427 Christi,
1843 3365 2017 3419 omnis

441 3447 617 3485 annua
649 3448 750 3485 xxx
779 3441 959 3502 surgat
988 3448 1246 3485 annorum
1275 3442 1431 3484 mtate
1458 3433 1509 3485 in
1551 3433 1648 3486 hac
1679 3432 1789 3499 ipsa
1809 3475 1823 3498 ,
1855 3442 2015 3500 quam

441 3504 603 3570 gessit
630 3503 814 3555 vivens
856 3504 908 3556 iu
954 3517 1197 3571 corpore,
1227 3516 1418 3566 carne;
1470 3513 1524 3554 ut
1569 3503 1787 3567 recipiat
1836 3518 2016 3557 unus-

440 3572 665 3691 quilsque
688 3571 839 3641 juxta
871 3572 1011 3644 quod
1041 3574 1149 3643 egit
1188 3589 1238 3627 in
1267 3587 1490 3642 corpore
1518 3573 1634 3628 sive
1674 3572 1873 3627 bonum
1903 3572 2017 3628 sive

441 3657 523 3691 Illa
550 3659 659 3691 Ulli.

441 3657 577 3695 Illalil
587 3660 659 3697 lli.

511 3712 599 3766 l8.
640 3712 790 3778 Quod
835 3724 1009 3768 autem
1060 3713 1380 3781 baptismum
1426 3727 1453 3765 a
1504 3712 1744 3767 .lohanne
1773 3712 2014 3768 Christus

440 3781 665 3836 libenter
694 3788 985 3849 acceperit,
1035 3795 1090 3836 ut
1137 3795 1191 3837 tu
1223 3799 1324 3837 liOtt
1355 3783 1656 3852 dedigneris
1695 3799 1723 3835 a
1754 3798 2014 3837 conservo

437 3854 730 3920 suscipere.
782 3854 895 3907 Non
943 3856 1168 3919 debitor,
1193 3854 1283 3908 sed
1328 3852 1601 3916 Dominus,
1648 3855 1765 3906 sine
1799 3863 2015 3920 peccato

437 3936 651 3976 sumere
681 3923 843 3977 voluit
887 3940 915 3978 a
962 3940 1153 3987 servo;
1211 3932 1267 3976 ut
1296 3924 1432 3976 inter
1462 3925 1571 3991 ipsa
1606 3923 1797 3976 ﬂuenta
1828 3923 2013 3978 Jorda-

439 3994 521 4044 nis
548 4007 707 4059 super
738 4009 899 4047 unum
931 3997 1274 4048 mediaturetn
1304 3994 1395 4047 Dei
1422 4001 1476 4046 et
1501 4003 1553 4046 et
1585 3994 1859 4046 hominum
1890 4009 2014 4047 san-

437 4075 540 4115 eta:
586 4063 858 4118 Trinitatis
906 4065 1266 4117 declararetur
1321 4063 1640 4127 auctoritas;
1690 4064 1816 4116 dum
1874 4064 2013 4120 Deus

436 4132 597 4185 Pater
628 4132 681 4186 in
714 4149 863 4196 voce,
897 4134 1060 4187 Filius
1102 4136 1151 4186 in
1194 4132 1427 4195 homine,
1462 4134 1682 4201 Spiritus
1710 4141 1926 4187 sanctus
1959 4138 2011 4188 in

435 4204 694 4257 columba:
735 4206 911 4270 specie
947 4208 1401 4269 demonstrantur,
1447 4219 1546 4256 una
1590 4203 1836 4257 divinitas
1879 4218 2009 4258 con-

434 4282 669 4343 stauset
698 4274 919 4327 inditisa
952 4275 1120 4328 deitas
1150 4285 1307 4343 atque
1339 4275 1610 4339 majestas.
1642 4274 1793 4339 Quod
1835 4284 2008 4327 autem

434 4344 502 4393 ah
532 4342 720 4411 spiritu
749 4346 997 4410 exiittlsus
1027 4355 1106 4397 cst
1148 4344 1198 4396 in
1230 4342 1510 4396 desertum
1533 4385 1546 4411 ,
1584 4343 1632 4395 id
1664 4352 1745 4396 est
1776 4358 1902 4396 caro
1932 4344 2010 4397 fa-

435 4425 551 4465 ctus
585 4419 766 4478 homo,
792 4429 946 4482 quain
976 4422 1268 4481 sumpserat
1305 4426 1521 4479 prepier
1549 4422 1781 4466 veterem
1812 4415 2005 4478 Adam,

2116 1824 2224 1876 rius
2253 1834 2300 1888 ει,
2334 1824 2519 1889 lector,
2554 1828 2930 1890 subdiaconus,
2948 1824 3239 1891 diaconus,
3286 1829 3585 1896 presbyter,
3632 1838 3685 1878 rt

2082 1893 2413 1962 ’episcopns.
2460 1896 2565 1949 llos
2608 1909 2809 1965 septem
2854 1899 3047 1964 gradus
3090 1893 3327 1963 implevit
3356 1893 3600 1951 Christus
3630 1899 3680 1949 iii

2112 1976 2289 2019 carne.
2331 1966 2459 2020 Nam
2491 1967 2738 2020 ostiarius
2769 1968 2885 2030 fuit,
2919 1968 3131 2036 quando
3161 1968 3352 2020 ostium
3381 1983 3520 2019 arca:
3557 1982 3682 2023 ane-

2114 2036 2236 2099 ruit,
2273 2044 2325 2087 et
2356 2038 2543 2089 iterum
2575 2038 2781 2090 elatt~it.
2819 2037 3094 2091 Fossarius
3128 2036 3221 2090 fuit
3266 2037 3476 2102 quando
3523 2036 3678 2089 Laza-

2113 2117 2233 2156 rum
2261 2106 2325 2156 de
2359 2120 2720 2169 monumento,
2754 2117 2940 2174 quarto
2972 2107 3056 2159 die
3083 2109 3190 2173 j'ill]
3221 2108 3459 2161 ltetiduin
3491 2121 3681 2158 evoca-

2114 2174 2205 2226 vit.
2244 2175 2449 2245 Lector
2498 2176 2593 2228 luit
2640 2178 2850 2244 quando
2893 2176 3081 2228 librum
3129 2178 3292 2230 Esaia:
3327 2176 3681 2245 prophetaein

2114 2244 2291 2296 medio
2321 2260 2599 2315 synagogm
2623 2247 2674 2298 in
2705 2261 2857 2299 aures
2888 2247 3024 2312 plebi
3060 2246 3283 2314 aperuit,
3311 2244 3454 2312 legit,
3480 2257 3534 2300 et
3561 2261 3680 2298 ειμι»

2118 2315 2490 2380 replicuisset,
2548 2316 2790 2369 ministro
2858 2316 3088 2369 tradidit.
3161 2316 3535 2371 SubdiaConus
3590 2317 3685 2368 l'uit

2113 2386 2326 2449 quando
2372 2399 2560 2451 aquam
2613 2386 2663 2438 in
2714 2383 2906 2452 pelvim
2954 2387 3117 2447 misit.
3167 2396 3221 2440 et
3275 2385 3545 2439 humiliter
3588 2402 3681 2438 sua

2118 2462 2308 2518 sponte
2334 2455 2491 2519 pedes
2513 2455 2887 2521 discipulorum
2913 2458 3052 2508 lavit.
3074 2456 3334 2510 Diaconus
3360 2457 3453 2510 fuit
3475 2456 3685 2523 quando

2114 2524 2330 2576 calicum
2384 2525 2673 2587 benedixit,
2722 2537 2774 2579 et
2823 2527 3076 2593 apostolis
3121 2528 3231 2578 suis
3277 2529 3341 2578 ad
3394 2526 3679 2580 bibendum

2115 2593 2371 2658 porrexit.
2416 2594 2695 2663 Presbyter
2735 2597 2831 2647 l'uit
2863 2596 3073 2663 quando
3106 2611 3293 2660 panem
3337 2596 3605 2649 benedixi.
3633 2607 3686 2647 et

2119 2663 2198 2713 cis
2225 2664 2467 2717 similiter
2497 2665 2730 2717 tradidit.
2768 2666 3057 2732 Episcopus
3086 2668 3183 2719 fuit
3218 2667 3431 2732 quando
3464 2669 3513 2718 in
3546 2678 3690 2718 tem-

2116 2733 2202 2804 plo
2246 2737 2486 2801 populos,
2533 2735 2669 2788 sicut
2709 2742 3022 2802 potestatem
3068 2737 3289 2799 habens,
3335 2750 3554 2804 regnum
3600 2737 3687 2789 Dei

2115 2802 2355 2855 ducebat.
2413 2806 2475 2857 Et
2528 2804 2641 2857 hinc
2692 2805 2907 2874 quidem
2956 2808 3118 2861 etiam
3174 2802 3416 2861 sanctus'
3448 2808 3689 2875 Ephrzem

2114 2883 2498 2926 commemorat
2528 2876 2789 2929 similiter.

2180 2942 2271 2995 20.
2316 2943 2446 2995 Nam
2477 2944 2615 3012 quod
2664 2959 2691 2995 a
2735 2943 2946 3012 proprio
2986 2945 3243 3013 discipulo
3286 2962 3390 3000 xxx
3424 2946 3687 3013 argenteis

2116 3013 2468 3067 venumdatur
2491 3013 2710 3075 Judaeis,
2736 3026 2858 3068 ante
2880 3017 3253 3083 priesiguatum
3280 3028 3360 3069 est
3384 3017 3434 3069 in
3456 3014 3690 3081 .losepho

2117 3085 2228 3135 suis
2274 3084 2521 3137 fratribus
2570 3084 2888 3137 lsinahelitis
2914 3086 3187 3139 distraeto.
3240 3086 3390 3151 Quod
3420 3096 3595 3138 autem
3629 3088 3690 3138 li-

2117 3164 2270 3222 gatus
2299 3168 2327 3207 a
2359 3154 2614 3208 ministris
2645 3154 2987 3209 Hebraeorum
3018 3156 3359 3220 des:-rihftur,
3399 3165 3453 3207 ut
3483 3170 3577 3209 eos
3606 3158 3689 3221 qui

2119 3224 2332 3277 diabolo
2360 3225 2645 3290 compediti
2695 3224 3011 3278 tenebantur
3055 3227 3377 3289 absiilveret,
3427 3235 3479 3279 et
3527 3242 3694 3278 nexus

2121 3302 2453 3363 peccatorum
2493 3293 2872 3361 confringeret.
2919 3296 2981 3348 Et
3024 3296 3160 3362 quod
3204 3297 3390 3364 palntis
3419 3297 3468 3347 in
3501 3296 3691 3348 facient

2121 3365 2448 3427 verberatur,
2478 3364 2630 3418 nobis
2657 3380 2835 3417 veram
2868 3365 3162 3418 libertatem
3190 3367 3424 3418 donavit.
3458 3366 3521 3418 Et
3548 3370 3689 3432 quod

2119 3434 2355 3501 colaphis
2405 3434 2576 3501 capite
2612 3434 2853 3496 cmditur,
2906 3445 3143 3486 nostrum
3194 3446 3276 3487 est
3315 3435 3526 3487 sanitati
3574 3434 3691 3487 red-

2117 3502 2285 3556 ditum
2313 3511 2487 3570 caput.
2530 3505 2591 3554 Et
2621 3503 2757 3570 quod
2800 3504 3085 3556 immundis
3114 3504 3499 3569 εμυιειιιιίιιὶὺιιδ
3530 3507 3690 3570 perli-

2119 3572 2283 3637 nitur,
2312 3587 2341 3625 a
2375 3582 2554 3625 nostra
2585 3572 2716 3625 facie
2745 3573 2992 3625 abstersit
3037 3575 3401 3640 opprobrium.
3456 3573 3521 3625 Et
3551 3574 3691 3638 quod

2115 3641 2277 3696 dorso
2306 3642 2527 3712 ﬂagellis
2571 3642 2902 3703 verberatur,
2950 3658 2977 3693 a
3021 3642 3171 3696 iit-bis
3215 3644 3395 3709 plagas
3427 3645 3613 3696 mortis
3642 3654 3695 3697 et

2117 3714 2309 3765 diaboli
2343 3712 2544 3779 ﬂagella
2570 3712 2811 3764 dimovit.
2845 3713 2908 3765 Et
2935 3713 3075 3780 quod
3108 3722 3231 3767 ante
3259 3714 3485 3765 tribunal
3520 3713 3689 3766 Potitii

2120 3782 2274 3836 Pilati
2308 3784 2500 3846 adstat,
2526 3798 2554 3834 a
2587 3784 2738 3835 nobis
2768 3792 3022 3835 terrorem
3056 3792 3213 3849 atque
3243 3783 3579 3836 formidinem
3611 3785 3691 3849 ju-

2116 3854 2293 3905 dicuin
2326 3861 2380 3906 et
2414 3857 2705 3920 prinCipum
2742 3856 2895 3918 hujus
2938 3852 3118 3905 tnttndi
3159 3854 3393 3905 abstulit.
3447 3856 3507 3905 lat
3548 3856 3687 3921 quod

2117 3923 2309 3977 multos
2367 3933 2530 3975 testes
2587 3923 2748 3975 falsos
2803 3923 3056 3990 pertulit,
3117 3933 3421 3976 sanctorum
3476 3938 3691 3977 suorum

2115 4004 2301 4045 contra
2334 3997 2522 4058 impios
2553 3993 2910 4046 testiinonium
2941 3994 3292 4047 continuavit.
3335 3993 3483 4058 Quod
3514 4008 3689 4047 autem

2117 4063 2254 4116 inter
2303 4064 2507 4129 iniquos
2545 4063 2825 4130 deputatus
2866 4070 2966 4121 est.
3017 4072 3073 4114 ut
3105 4064 3239 4115 lilios
3282 4064 3558 4127 adoptivos
3604 4080 3695 4129 per

2116 4132 2271 4185 [idem
2301 4135 2609 4202 angelorum
2643 4133 2921 4201 participes
2950 4133 3357 4187 demonstraret.
3387 4133 3536 4200 Quod
3568 4148 3694 4185 veru

2115 4217 2276 4255 unum
2305 4206 2633 4267 susceperit,
2677 4202 2898 4255 al‘erutu
2933 4202 3286 4270 reprohaverit
3308 4242 3322 4266 ,
3356 4215 3409 4255 ut
3438 4211 3690 4271 quantum

2115 4273 2324 4325 intersit
2356 4273 2493 4325 inter
2522 4273 2868 4325 humilitatem
2908 4282 2960 4325 et
2988 4274 3290 4338 superbiam
3313 4312 3328 4335 ,
3360 4283 3411 4325 et
3437 4286 3693 4339 quantum

2112 4343 2417 4410 desperatio
2447 4344 2514 4395 ab
2553 4356 2646 4410 Spe
2691 4344 2895 4407 Salutis,
2942 4343 3018 4396 tel
3068 4358 3096 4395 a
3146 4345 3341 4395 malitia
3386 4342 3545 4395 distet
3591 4348 3695 4397 cle-

2116 4413 2312 4466 mentia
2337 4452 2352 4477 ,
2384 4411 2792 4467 demonstraret.
2837 4414 2900 4465 Et
2939 4413 3076 4481 quod
3108 4414 3271 4465 clavis
3299 4413 3603 4480 conligitur,
3638 4426 3695 4468 ut

435 4499 593 4549 quem
626 4471 763 4537 intra
793 4471 1013 4538 delicias
1043 4471 1271 4553 paradisi
1297 4471 1537 4536 diabolus
1566 4484 1798 4545 vicerat,
1833 4484 1919 4538 hic
1951 4471 2002 4539 iri
2041 4471 2091 4532 D
2115 4471 2356 4536 aculeum
2386 4485 2593 4549 mortis,
2626 4485 2711 4552 qui
2748 4483 2901 4537 nobis
2933 4471 3098 4535 luerat
3131 4471 3495 4548 perinolestus,
3526 4471 3690 4551 signi--

435 4558 650 4607 deserto
679 4568 799 4607 cum
833 4554 1049 4608 inimico
1076 4554 1362 4623 conﬂigere
1390 4552 1629 4620 cupiens,
1663 4562 1718 4605 ut
1746 4569 1838 4621 per
1861 4553 2001 4623 jeju-

435 4626 510 4676 nii
556 4639 748 4677 munus
796 4624 862 4678 de
906 4624 995 4678 illo
1028 4625 1302 4678 victoriam
1342 4625 1578 4691 capiens,
1609 4623 1853 4677 omnibus
1895 4626 2008 4679 suis

434 4695 680 4748 ﬁdelibus
734 4694 969 4748 traderet
1015 4693 1449 4748 conculcanduin.
1511 4693 1587 4747 De
1631 4709 1733 4761 qua
1784 4696 2007 4749 victoria

432 4777 561 4818 ante
610 4765 867 4833 propheta
914 4764 1199 4818 Zacharias
1227 4762 1418 4817 cecinit
1462 4764 1691 4818 dicens:
1724 4763 1870 4828 Vidi,
1925 4766 2007 4818 in-

433 4835 567 4902 quit,
597 4834 775 4887 Jesum
807 4834 1137 4888 sacerdotem
1166 4848 1434 4900 magnum,
1468 4842 1523 4886 et
1549 4834 1722 4887 stabat
1748 4847 1778 4885 a
1807 4836 2008 4891 dextris

433 4910 552 4972 ejus
582 4905 829 4958 diabolus
850 4944 865 4969 ,
911 4906 962 4957 id
993 4914 1075 4958 est
1103 4919 1165 4956 ex
1200 4913 1362 4971 parte
1397 4902 1615 4971 justitiie
1636 4943 1650 4967 ,
1682 4907 2009 4960 concinnatis

436 4980 609 5027 uolos.
643 4977 706 5027 bt
731 4974 839 5027 dixi
873 4974 939 5027 ad
978 4991 1097 5027 eum
1134 4993 1146 5026 :
1181 4973 1423 5041 lncrepet
1452 4973 1542 5025 tibi
1575 4975 1857 5040 Dominus,
1891 4975 2007 5028 dia-

434 5045 589 5107 bole,
617 5046 704 5112 qui
738 5043 948 5098 redimit
980 5044 1208 5108 Israhel,
1237 5055 1286 5097 et
1317 5042 1476 5110 elegit
1504 5043 1830 5096 Hierusalem
1859 5061 1872 5096 :
1901 5061 2006 5097 uo-

434 5118 515 5168 bis
557 5129 683 5185 ergo
715 5114 839 5169 vicit
867 5118 956 5184 qui
988 5114 1134 5168 solus
1168 5115 1439 5169 victoriam
1471 5121 1537 5167 de
1566 5114 1782 5168 diabolo
1812 5129 2008 5184 capere

509 5252 534 5279 ⁸
584 5251 756 5307 Locus
811 5252 964 5306 valde
1017 5251 1263 5306 notabilis
1315 5251 1384 5306 ob
1438 5251 1801 5306 aestimandam
1858 5251 2012 5320 hujus

433 5322 686 5377 Chronici
717 5325 1104 5391 antiquitatem.
1142 5322 1348 5376 Etenim
1379 5334 1565 5375 auctor
1591 5334 1740 5375 vetus
1770 5322 2013 5386 cpistola:

432 5395 501 5447 de
536 5394 815 5463 ordinibus
856 5394 1094 5447 coelesiic
1134 5392 1233 5463 (S.
1278 5391 1495 5444 Hieron.
1531 5392 1694 5458 0pp.,
1732 5403 1852 5443 tam.
1890 5392 2010 5457 ult.,

435 5478 485 5531 p.
522 5461 671 5531 “5),
710 5464 925 5533 primus,
967 5461 1166 5532 inquit,
1209 5464 1262 5514 in
1300 5464 1493 5515 clericis
1531 5463 1858 5530 [ossariorum
1883 5466 2014 5533 ordo

431 5543 528 5600 est,
559 5532 717 5602 quem
747 5546 927 5587 noster
952 5546 1127 5588 tamen
1154 5534 1302 5600 ponit
1328 5533 1640 5585 secundum.
1668 5532 2013 5585 Animadver-

436 5605 499 5656 tit
523 5616 701 5658 autem
740 5605 988 5673 Aringius
1028 5605 1181 5657 lloiu.
1206 5603 1357 5673 subl.
1392 5602 1454 5656 T.
1486 5604 1533 5664 Ι,
1570 5620 1620 5670 p.
1652 5605 1738 5665 60,
1773 5604 2016 5669 [eisiirios

436 5678 535 5726 hos
564 5675 805 5728 ecclesia:
845 5672 1147 5737 ministros,
1188 5672 1291 5726 dici
1343 5680 1600 5733 χοπώντας
1632 5689 1659 5724 2t
1710 5676 1766 5726 ὃ.
1819 5673 2017 5740 Iguatio

436 5745 596 5815 epist.
644 5746 709 5801 ad
752 5744 1027 5812 Antioch,
1074 5755 1125 5800 et
1157 5746 1400 5805 κοπιατὰς
1450 5760 1479 5798 a
1523 5746 1578 5801 S.
1634 5743 1926 5814 Epiphanio
1962 5744 2015 5797 in

2114 4553 2300 4606 licaret
2347 4569 2467 4607 esse
2511 4553 2858 4607 destructum.
2907 4554 3056 4618 Quod
3100 4567 3224 4604 vero
3268 4562 3443 4605 vestes
3484 4553 3599 4620 ejus
3642 4556 3693 4607 in

2111 4634 2310 4676 sortem
2348 4624 2666 4688 ceciderint,
2712 4632 2770 4677 ut
2814 4637 2932 4677 sors
2967 4631 3271 4675 sanctorum
3303 4623 3606 4677 tirmaretur
3642 4626 3693 4677 in

2111 4695 2270 4746 caelo.

2180 4763 2271 4816 21.
2314 4762 2376 4816 Et
2404 4763 2542 4831 quod
2582 4762 2741 4815 etiam
2789 4761 2997 4829 propria
3044 4770 3335 4830 potestate,
3383 4769 3555 4815 morte
3593 4775 3690 4814 sua

2114 4832 2298 4887 habuit
2342 4833 2693 4900 expletionem
2735 4832 2948 4894 dicetis,
2989 4834 3424 4885 Consumiuatum
3473 4840 3585 4895 est,
3638 4843 3692 4885 et

2113 4903 2363 4955 inclinatu
2389 4905 2561 4970 capite
2593 4904 2805 4956 tradidit
2832 4903 3108 4970 spiritum;
3142 4911 3352 4969 propter
3383 4900 3508 4953 illud
3538 4917 3551 4952 :
3586 4900 3692 4953 Po-

2115 4981 2358 5027 testatem
2393 4973 2559 5026 habeo
2600 4975 2825 5039 ponendi
2869 4975 3098 5025 animam
3134 4987 3336 5033 iuraui,
3369 4981 3421 5023 et
3463 4980 3694 5037 potesta-

2115 5051 2217 5096 tein
2253 5043 2420 5097 habeo
2450 5046 2636 5097 iterum
2668 5043 2909 5095 sumendi
2937 5058 3087 5100 eam:
3116 5057 3181 5094 eo
3204 5044 3339 5109 quod
3371 5042 3691 5094 sacriliciuiu

2114 5114 2467 5167 voluntarium
2499 5129 2559 5167 se
2594 5114 2765 5182 ipsum
2793 5115 2985 5181 optulit
3015 5118 3154 5165 l’atrt
3188 5128 3281 5180 pro
3313 5114 3482 5165 nobis.
3513 5114 3682 5177 Quod-

2115 5262 2240 5315 exp.
2272 5247 2361 5299 lid.
2397 5247 2667 5301 Boldettus
2712 5246 2763 5298 in
2792 5245 3125 5299 Cmuteteriis
3168 5245 3258 5297 lib.
3303 5260 3351 5307 ι,
3395 5244 3482 5305 l5,
3514 5242 3581 5296 de
3612 5242 3692 5315 his

2116 5312 2431 5371 Christianis
2480 5317 2716 5370 fossariis
2764 5331 2858 5368 seu
2908 5317 3197 5368 lossmihus
3244 5315 3396 5367 docte
3442 5312 3690 5373 disserit,

2119 5388 2450 5453 exhibetque
2481 5387 2762 5453 imaginem
2790 5389 2839 5437 in
2868 5390 3069 5450 cryptis
3096 5385 3260 5437 sacris
3286 5394 3549 5448 repertam
3569 5396 3691 5435 cum

2118 5458 2247 5510 inscr
2262 5458 2457 5522 iptioiie
2476 5457 2761 5511 Diocsass.
2784 5455 3003 5508 Fossou.
3021 5471 3068 5506 IV
3092 5470 3243 5509 race.
3263 5468 3571 5519 DEPUSITUS,
3586 5467 3689 5507 etc.

2120 5526 2285 5579 Porro
2313 5527 2377 5579 de
2418 5532 2669 5580 varietate
2698 5540 2759 5579 ac
2788 5526 3125 5579 multitudine
3158 5527 3417 5576 minorum
3444 5525 3692 5577 ordinum

2117 5598 2253 5663 apud
2290 5596 2461 5649 varias
2494 5597 2777 5659 Ecclesias,
2811 5596 2985 5663 legere
3018 5595 3251 5663 proderit
3279 5610 3396 5660 qua:
3425 5595 3607 5647 scribit
3641 5596 3694 5646 in

2118 5667 2489 5720 dissertatione
2530 5668 2596 5720 de
2642 5669 2799 5721 rebus
2838 5666 3030 5717 cocles.
3064 5664 3206 5732 ct‘ipt.
3248 5664 3509 5730 Jusephus
3538 5669 3691 5718 Asse-

2121 5753 2307 5794 manus
2336 5738 2532 5808 Script.
2572 5736 2685 5793 Vet.
2717 5746 2843 5793 tuin.
2884 5735 2944 5802 V,
2976 5746 3109 5806 part.
3146 5750 3202 5801 it,
3236 5749 3355 5805 pag.
3387 5734 3509 5789 1‘7.
