4054 6190
398 340 524 392 ΗΠ

1387 337 1471 391 AD
1513 337 1557 390 lli
1584 335 1906 389 iRTYlth
1954 336 2151 387 liED/E
2197 337 2633 393 APPENDICES.

3490 341 3625 397 “73

392 448 493 496 que
534 447 666 483 unus
718 430 963 496 idemque
1013 429 1149 481 inter
1196 436 1430 482 mortuos
1481 427 1631 499 liber,
1676 436 1737 481 ut
1784 438 1963 482 nostra
2001 435 2041 486 Α
2074 430 2123 481 in
2152 428 2380 483 homine.
2440 431 2567 484 Nam
2610 439 2730 499 post
2781 434 2913 485 sexti
2959 433 3065 486 diei
3109 432 3468 499 operationem
3517 448 3620 487 nou

395 499 727 554 rnortiiicatio
777 501 914 554 illius
957 500 1352 552 immortalitate
1391 498 1763 551 vivillcaretttr.
1810 500 1960 563 Quod

393 581 570 625 autem
602 580 913 624 cancrorum
946 584 1099 622 crura
1131 567 1397 622 confracta
1421 612 1433 629 ,
1480 566 1700 635 ejusque
1747 568 1963 622 minime

393 650 515 694 sunt
542 641 865 693 comminata
888 682 900 701 ,
936 648 1146 706 propter
1174 637 1296 690 illud
1337 644 1459 690 ante
1492 638 1796 700 pradictutn
1821 678 1833 699 ,
1868 640 1965 689 Us-

393 726 509 763 sum
537 712 629 780 (ita
656 712 798 774 cod.)
833 707 1337 780 noncomrnin‘uetis
1377 722 1437 759 ex
1470 722 1549 758 eo.
1590 708 1702 780 Ipse
1740 724 1963 774 namque

391 791 471 829 est
523 777 689 847 agnus
747 777 1002 845 paschalis
1048 777 1347 844 populoque
1396 777 1738 840 mactandos;
1791 788 1845 847 et
1897 780 1962 829 alt

396 846 624 920 .AEgypto
665 865 761 903 suo
800 859 979 902 sancto
1019 863 1206 920 cruore
1246 848 1309 897 ad
1356 856 1405 899 te
1437 862 1549 920 run
1597 846 1962 912 promissionis

396 916 759 978 r-er'medium
810 932 955 971 mare
1004 919 1217 985 proprio
1266 916 1519 984 sanguine
1571 928 1959 981 purpuratum,

396 1002 569 1054 patres
620 1006 739 1044 cum
795 988 971 1041 liberis
1019 987 1313 1048 reducens,
1364 996 1638 1052 postquam
1687 986 1962 1039 Pharaone

396 1075 662 1122 percusso,
693 1075 811 1111 cum
840 1058 949 1110 suis
975 1072 1095 1109 eum
1124 1057 1295 1109 satelli
1325 1057 1440 1107 ibus
1473 1056 1608 1105 inter
1635 1055 1823 1108 ﬂuetus
1853 1058 1961 1109 alto

394 1131 576 1194 pelago
605 1126 877 1181 denter~it.
918 1125 1066 1192 Quod
1109 1137 1283 1179 autem
1314 1125 1379 1177 dc
1408 1139 1566 1177 cruce
1602 1126 1879 1188 deponitur
1909 1135 1963 1178 et

395 1201 442 1250 in
472 1200 711 1265 sepulcro
742 1198 974 1264 ponitur,
1016 1206 1071 1249 ut
1114 1207 1416 1265 sanetorum
1452 1196 1693 1265 omnium
1725 1196 1958 1259 sepultu-

392 1284 500 1320 ram
531 1263 778 1332 sanciret,
803 1277 853 1320 et
883 1268 1125 1318 timorem
1156 1263 1343 1319 mortis
1374 1264 1621 1316 auferret.
1657 1264 1804 1329 Qn-rd
1834 1280 1959 1318 vero

392 1338 440 1389 in
473 1338 723 1392 inferiora
749 1349 898 1390 terra»
921 1335 1215 1399 descendit,
1242 1343 1295 1388 et
1323 1348 1351 1386 a
1378 1333 1578 1387 cmlesti
1603 1335 1726 1385 Sede
1754 1332 1819 1385 de
1841 1335 1957 1388 sinu

392 1408 556 1461 Patris
587 1424 689 1461 non
723 1409 973 1469 recessit,
1006 1415 1063 1457 ut
1089 1419 1214 1458 suos
1242 1402 1308 1457 de
1337 1404 1564 1457 c-irceris
1595 1403 1800 1456 vinculo
1831 1404 1957 1456 edu-

387 1487 549 1542 ceret,
596 1488 647 1531 et
697 1476 889 1530 diaboli
940 1485 1249 1543 potestatem
1298 1472 1617 1535 destrueret,
1668 1474 1959 1541 mortisque

391 1548 669 1614 imperium
702 1554 1037 1611 contereret,
1068 1553 1121 1597 ct
1152 1543 1657 1614 inlernipotcntiam
1687 1544 1954 1614 aboleret,

387 1628 439 1670 vt
468 1612 621 1670 Suum
653 1632 871 1683 regnum
904 1631 1006 1669 non
1041 1615 1212 1667 solum
1240 1613 1421 1681 justis,
1444 1613 1535 1665 sed
1572 1615 1733 1683 etiam
1768 1612 1954 1667 latroni

390 1689 630 1740 donaret.
662 1682 809 1752 Quod
841 1697 1013 1739 mrtem
1044 1700 1073 1738 a
1105 1684 1325 1737 mortuis
1358 1691 1476 1752 post
1516 1682 1744 1735 triduum
1775 1698 1953 1737 resur-

2071 499 2257 568 leaitur
2290 501 2482 553 factum
2518 503 2615 555 hoc
2645 511 2734 555 aut
2768 502 2892 555 illud
2920 519 2934 565 ;
2968 504 3058 557 sed
3093 505 3386 567 requievit,
3430 503 3624 568 inquit,

2070 567 2209 641 Deus
2238 570 2287 620 in
2316 571 2402 624 die
2431 572 2661 635 septiruo
2680 572 2746 623 ab
2772 574 3018 626 omnibus
3043 574 3289 639 operibus
3323 573 3455 626 suis.
3484 567 3627 641 Ergo

2064 639 2347 710 requiescit
2382 642 2553 694 omnis
2603 642 2760 692 homo
2795 643 2861 695 al)
2892 658 3053 710 opere
3083 658 3200 707 suo,
3252 644 3332 695 vel
3362 644 3446 695 hic
3476 639 3628 696 turrit-

2064 708 2161 758 dus
2207 710 2273 758 ah
2315 709 2501 761 studiis
2549 710 2658 762 suis
2699 708 2945 777 tanquam
2994 715 3042 763 in
3081 713 3166 765 die
3202 714 3455 776 septimo,
3504 725 3631 780 post

2064 787 2264 828 sextam
2317 794 2463 830 suun
2520 791 2727 832 mlitem
2757 820 2771 843 ,
2821 782 2956 834 sicut
3006 783 3143 835 Deus
3191 783 3258 832 ah
3286 784 3427 835 omni
3459 798 3628 842 onere

2063 861 2180 899 sui.
2216 848 2502 901 Sabbatntn
2535 850 2689 915 igitttr
2721 867 2858 903 nunc
2888 862 2987 913 est,
3031 864 3084 903 ut
3116 852 3292 904 nullus
3326 868 3430 915 t'cp-
3454 852 3626 904 riatur

2062 928 2311 988 Operator
2343 918 2507 971 viuere
2540 921 2627 970 Dei
2658 937 2671 983 ;
2705 921 2872 974 donec
2900 924 3074 974 Subito
3105 923 3285 974 veniat
3316 926 3403 988 qni
3438 937 3626 987 repro-

2062 985 2203 1036 misit
2239 998 2351 1050 post
2385 989 2540 1040 ﬁerem
2587 991 2766 1041 mundi
2802 992 2850 1042 in
2882 992 2991 1045 suis
3026 992 3223 1043 sanctis
3252 985 3620 1043 erunibus—rc-

2061 1058 2360 1127 quSeseere.
2422 1058 2660 1126 Namque
2691 1062 2910 1121 primam
2944 1062 3083 1113 dietn
3106 1102 3120 1123 ,
3156 1062 3204 1113 in
3234 1076 3331 1124 qua
3367 1062 3622 1127 principia

2065 1125 2242 1195 mundi
2278 1134 2435 1187 sunt,
2468 1125 2582 1191 ipse
2621 1130 2771 1181 nobis
2797 1141 3032 1184 oetavarn
3067 1147 3158 1195 per
3182 1125 3621 1185 resurrectionem

2063 1194 2210 1266 fecit,
2244 1195 2294 1266 in
2326 1212 2424 1262 qui
2456 1197 2590 1250 Dens
2622 1201 2817 1250 sanctis
2847 1194 3079 1266 requiem
3112 1199 3346 1253 donavit.

2129 1264 2219 1333 24.
2263 1265 2420 1330 Igitur
2447 1267 2713 1333 expletum
2746 1277 2825 1321 est
2864 1264 3071 1323 sextum
3116 1270 3417 1322 milliarium
3450 1272 3622 1323 aetatis

2062 1330 2218 1399 Itttjns
2268 1335 2447 1387 nrttndi
2496 1330 2650 1389 etiam
2701 1341 2940 1403 quamvis
2986 1342 3347 1391 eontrailicant
3392 1339 3481 1406 qui
3520 1340 3623 1393 hoc

2064 1408 2336 1473 percipere
2367 1406 2581 1463 nolunt.
2612 1416 2665 1460 et
2695 1411 2918 1473 septima
2948 1409 3119 1473 agitur
3146 1421 3193 1461 ι.
3224 1410 3485 1463 Surculum
3521 1410 3622 1461 huc

2057 1472 2198 1548 diem
2239 1474 2588 1548 sulcrunitatis
2637 1492 2745 1548 suaf
2796 1472 3246 1548 freqttentiamq-re
3294 1479 3345 1531 in
3396 1494 3497 1546 qua
3540 1489 3624 1531 cst

2059 1542 2283 1617 igttttral,
2317 1544 2611 1617 horamque
2636 1557 2686 1599 ct
2714 1547 2852 1617 diem
2888 1548 3004 1602 ﬁnis
3031 1542 3173 1609 snch
3214 1549 3334 1617 qttia
3356 1589 3372 1610 ,
3404 1542 3537 1601 sicut
3570 1552 3622 1601 in

2060 1612 2373 1684 Apncrlypsi
2407 1616 2553 1667 intim
2575 1627 2696 1677 itur,
2744 1616 2794 1669 in
2820 1620 3039 1684 septima
3075 1620 3192 1671 tuba
3216 1612 3242 1682 ,⁷
3260 1634 3351 1674 seu
3380 1620 3431 1671 in
3457 1621 3625 1684 septi-

2058 1696 2158 1753 ma
2188 1682 2358 1748 phiala
2406 1686 2499 1736 ira:
2554 1684 2639 1738 Dei
2668 1726 2683 1747 ,
2734 1682 3136 1753 corripiebantur
3182 1703 3451 1741 sermones
3499 1682 3617 1741 Dei.

389 1760 558 1828 rexit,
592 1767 644 1811 et
674 1751 893 1828 mortuis
920 1753 1291 1828 vitamdedit,
1316 1762 1369 1828 et
1397 1751 1653 1828 primitias
1682 1767 1952 1828 resurrec-
1991 1768 2033 1828 Β
2060 1751 2239 1828 Sedut
2260 1771 2323 1805 uc
2348 1754 2462 1828 quis
2482 1756 2579 1807 hoc
2609 1766 2750 1828 putet
2772 1751 2909 1823 quod
2940 1774 3008 1810 vn
3032 1759 3332 1811 milliarium
3361 1772 3618 1828 annorum

393 1827 547 1879 tionis
576 1827 835 1885 ostendit,
873 1836 926 1879 et
958 1825 1193 1877 ornninm
1225 1821 1458 1875 ﬁdelium
1489 1822 1646 1875 corda
1677 1822 1741 1875 ad
1775 1838 1954 1877 resur-

389 1896 674 1950 recri'tnern
709 1897 932 1948 futuram
963 1896 1202 1947 ﬁrmavit.
1231 1893 1378 1958 Quod
1404 1900 1579 1944 autem
1608 1893 1956 1961 quadraginta

385 1965 589 2021 dierum
629 1968 799 2034 spatio
830 1980 949 2018 cum
980 1962 1250 2031 discipulis
1292 1962 1561 2034 suis_po_st
1589 1976 1737 2015 suam
1782 1979 1957 2017 resur-

388 2031 674 2091 rectionem
712 2044 1067 2090 commoratus
1097 2044 1203 2096 est,
1248 2042 1303 2085 ut
1343 2031 1633 2085 inﬁdelium
1671 2034 1827 2085 corda
1858 2034 1958 2086 do-

388 2118 589 2173 ntarct,
639 2116 691 2161 et
744 2122 853 2161 sua:
907 2104 1160 2160 Eccleia:
1214 2116 1430 2157 munera
1484 2101 1615 2171 legis
1666 2104 1958 2172 quadruplo

384 2176 670 2231 conferret.

456 2247 546 2301 εἳ.
588 2247 739 2312 Quod
790 2261 917 2299 vero
959 2243 1263 2298 ascendisse
1313 2243 1485 2309 ipsum
1543 2243 1948 2312 quadragesimo

386 2316 470 2368 die
496 2311 836 2381 perscribitur
865 2318 913 2369 in
940 2316 1131 2371 caelum
1156 2354 1171 2377 ,
1225 2324 1281 2365 ιιι
1320 2316 1401 2367 cui
1430 2313 1628 2366 dictum
1654 2322 1755 2377 est,
1789 2311 1952 2367 Terra

388 2400 445 2435 es
469 2397 520 2440 et
544 2385 596 2439 in
630 2396 820 2441 terram
872 2384 991 2447 ibis,
1043 2385 1142 2450 ipsi
1176 2392 1329 2449 post,
1374 2381 1441 2437 de
1470 2382 1681 2436 diabolo
1712 2392 1867 2450 capta
1900 2385 1951 2438 in

389 2454 600 2509 Christo
645 2457 863 2509 victoria
894 2498 910 2520 ,
978 2456 1245 2508 diceretur
1288 2472 1301 2506 :
1362 2453 1500 2506 Sede
1547 2453 1612 2505 ad
1671 2453 1947 2509 dexteram

390 2539 585 2591 meam,
603 2526 774 2580 donec
805 2541 992 2590 ponam
1018 2524 1259 2578 inimicos
1287 2534 1405 2578 tuos
1431 2522 1723 2575 scabellnm
1757 2523 1948 2590 pedum

393 2604 617 2648 tuorum.
647 2595 803 2649 Duxit
834 2610 961 2663 ergo
989 2595 1284 2649 ascendens
1308 2595 1549 2647 Christus
1570 2595 1830 2663 captivam
1862 2609 1950 2647 ca—

391 2666 699 2727 ptivitatem,
729 2677 781 2718 et
813 2667 888 2719 sic
910 2662 1207 2719 secundum
1236 2679 1384 2716 suam
1417 2662 1823 2729 promissionem
1852 2665 1942 2718 die

393 2737 728 2788 Pentecostes
764 2735 910 2789 dedit
953 2734 1091 2787 dona
1142 2733 1464 2786 horninibus.
1515 2733 1768 2785 Ascendit
1794 2734 1946 2786 Chri-

388 2816 506 2860 stus
526 2805 590 2859 ad
615 2805 844 2868 Patrem,
870 2814 925 2858 et
948 2804 1225 2858 descendit
1251 2803 1482 2870 Spiritus
1504 2813 1718 2856 sanetrrs
1743 2804 1804 2855 ad
1836 2804 1947 2869 ple-

393 2877 529 2928 licm.
571 2876 669 2941 Qui
697 2875 1007 2937 descendit,
1062 2875 1173 2941 ipse
1202 2874 1357 2926 etiam
1387 2872 1628 2925 ast'endit
1649 2886 1807 2939 super
1835 2888 1944 2927 cae-

392 2948 489 3009 los,
544 2956 599 2999 ttt
654 2946 969 3014 adimpleret
1002 2944 1206 2997 omnia.
1293 2942 1445 3007 Quod
1488 2956 1615 2995 vero
1668 2944 1943 2997 descendit

392 3015 693 3069 Paraclctns
722 3018 786 3069 ad
817 3016 1083 3080 apostolos
1110 3053 1128 3080 ,
1179 3014 1229 3067 itt
1261 3014 1791 3076 ipso'conlirmantnr
1821 3016 1938 3066 uni-

388 3100 533 3138 versa
565 3086 616 3138 in
647 3086 785 3140 coelo
827 3096 880 3139 et
925 3086 977 3140 in
1022 3095 1182 3139 terra.
1237 3084 1365 3137 Nam
1401 3083 1596 3149 Spiritu
1621 3093 1805 3135 sancto
1833 3084 1939 3135 lar-

386 3155 599 3216 ginntur
628 3156 763 3210 dona
808 3159 1013 3211 cunctis
1044 3154 1316 3216 ﬁdelibus,
1368 3160 1425 3205 ut
1460 3152 1531 3205 ait
1561 3153 1842 3215 Apostolus
1872 3153 1947 3206 di-

389 3238 515 3277 cens
543 3240 556 3278 :
588 3224 692 3279 Alii
722 3224 933 3291 quidem
964 3226 1118 3277 datttr
1147 3238 1326 3276 sermo
1351 3223 1625 3285 sapientiae
1651 3224 1942 3276 secundum

388 3294 630 3348 eumdem
681 3293 963 3361 spiritum,
1009 3295 1094 3346 alii
1144 3307 1271 3345 vero
1323 3306 1501 3361 sermo
1550 3291 1822 3361 scientiae,
1855 3293 1944 3345 alii

387 3364 552 3425 gratia
584 3360 940 3427 curationum,
970 3364 1057 3416 alii
1087 3376 1279 3431 genera
1314 3360 1606 3431 linguarum
1632 3401 1646 3422 ,
1670 3360 1757 3413 alii
1785 3362 1945 3415 inter-

390 3435 614 3496 pretatio
645 3438 938 3503 linguarum
987 3432 1038 3486 in
1069 3430 1298 3485 eundern
1348 3430 1633 3503 Spiritum,
1664 3439 1942 3503 et_cetera.

388 3505 510 3557 Ihec
553 3500 741 3559 autem'
771 3505 949 3558 omnia
995 3503 1132 3556 dona
1176 3511 1430 3569 operatur
1463 3500 1599 3554 Deus
1626 3509 1680 3555 et
1708 3500 1948 3557 Christus

390 3578 438 3624 iu
461 3574 649 3627 eodem
700 3584 885 3629 sancto
934 3573 1171 3641 Spiritu,
1220 3572 1311 3639 qui
1360 3578 1440 3624 est
1472 3570 1745 3639 plenitudo
1794 3572 1949 3627 unius

385 3643 598 3697 deitatis
646 3654 805 3712 atque
852 3643 1195 3705 substantiae;
1256 3642 1395 3712 quia
1435 3649 1543 3693 tres
1593 3655 1845 3712 personas
1895 3650 1949 3696 et

386 3724 494 3766 tres
518 3708 887 3769 subsistentias
941 3728 1099 3767 unam
1149 3708 1490 3780 cognoscitur
1530 3724 1647 3764 esse
1695 3708 1945 3764 deitatem

384 3791 543 3851 atque
590 3786 895 3838 essentiam.
936 3783 1066 3836 Nam
1115 3778 1309 3851 quanta
1355 3778 1949 3851 largiunturﬂEcclcsiw

381 3848 588 3906 ab'uno
614 3856 907 3922 eodemque
940 3848 1166 3906 Domino
1197 3851 1439 3922 Christo,
1466 3848 1609 3922 quis
1636 3850 1793 3922 digne
1827 3865 1947 3922 pos-

384 3924 449 3974 sit
480 3926 733 3991 expedire
764 3919 855 3991 per
886 3922 1169 3977 ordinem?
1216 3919 1477 3991 Quicquid
1533 3921 1690 3991 igitur
1737 3919 1788 3972 itr
1815 3921 1948 3975 nati-

385 3989 567 4059 vitate,
602 3989 847 4063 quicquid
878 3994 927 4046 in
960 4000 1136 4063 mtate,
1182 3989 1431 4063 quicquid
1467 3989 1517 4041 iri
1555 3990 1948 4063 pracdiciitiouo,

383 4058 633 4133 quicquid
658 4063 711 4117 in
733 4058 999 4133 passione,
1022 4062 1274 4133 quicqui_d
1306 4058 1768 4133 ingresurrectione
1797 4058 1950 4133 Chri-

386 4132 475 4196 sti,
504 4128 751 4201 quicqmd
794 4136 844 4187 in
876 4128 1187 4186 ascenSione
1226 4128 1467 4201 Domini,
1516 4128 1763 4201 quicquid
1785 4132 1847 4201 in
1870 4129 1949 4181 di-

384 4205 490 4255 vini
524 4199 755 4270 Spiritus
798 4204 1036 4258 omnium
1088 4201 1380 4268 linguarum
1412 4200 1749 4270 elocutione,
1784 4199 1835 4250 iu
1868 4213 1951 4251 sa-

382 4268 713 4327 cramentum
773 4275 855 4329 vel
907 4272 1260 4325 ministerium
1313 4280 1510 4322 sanctae
1542 4268 1824 4321 catholicae
1854 4270 1953 4324 Ec-

380 4342 561 4411 t'lesiaa
605 4352 812 4411 gestum
863 4352 972 4407 est,
1019 4350 1177 4411 atque
1234 4339 1286 4394 in
1336 4348 1680 4407 augmentum
1724 4334 1950 4393 liliorutn

384 4410 474 4464 Dei
504 4410 768 4476 peractum
797 4422 899 4467 est.

1968 3122 2017 3186 ϐ

2063 1823 2215 1888 exple
2243 1838 2368 1874 tlt‘tts
2418 1824 2484 1877 sit
2532 1826 2758 1879 ntundus
2809 1828 3102 1894 lrequentia
3127 1842 3247 1890 sua,
3290 1826 3433 1880 nullo
3461 1828 3620 1880 modo

2063 1894 2293 1955 reperiet
2320 1894 2454 1946 istud
2499 1905 2619 1947 ante
2651 1896 2956 1962 praedictum
2979 1937 2993 1957 ,
3041 1914 3106 1950 co
3131 1898 3267 1963 quod
3295 1898 3501 1951 sabbati
3529 1897 3620 1951 die

2061 1963 2292 2028 requiem
2327 1963 2537 2017 habebit
2568 1966 2651 2018 Itit:
2680 1967 2852 2030 orbis;
2893 1967 2987 2019 sed
3022 1968 3145 2019 liora
3178 1978 3229 2019 et
3256 1968 3370 2019 dies
3416 1968 3617 2020 incerta

2058 2045 2087 2106 ξι
2128 2033 2258 2106 gelis
2280 2042 2331 2087 et
2356 2033 2651 2087 hominibus
2674 2050 2702 2088 a
2727 2036 2948 2089 Domino
2971 2040 3296 2106 perhibetur.
3331 2037 3418 2089 Ait
3440 2038 3619 2091 enirn:

2063 2100 2135 2172 De
2167 2102 2253 2156 die
2283 2112 2457 2156 autem
2503 2106 2584 2157 illa
2628 2115 2679 2156 et
2720 2110 2844 2159 hora
2892 2100 3048 2160 nemo
3078 2108 3197 2167 ~cit,
3247 2123 3417 2170 neque
3448 2108 3620 2172 angeli

2058 2170 2110 2224 in
2143 2175 2298 2244 caelo.
2354 2189 2523 2239 neque
2553 2175 2713 2227 Filius
2739 2215 2753 2236 ,
2810 2175 2904 2228 nisi
2945 2177 3099 2229 Pater
3125 2176 3288 2229 solus.
3321 2178 3387 2229 Et
3416 2170 3621 2244 nequis

2056 2242 2630 2315 carnaliterarbtrans
2667 2257 2831 2311 putet,
2861 2248 3052 2313 aliquid
3083 2249 3217 2301 scire
3251 2246 3455 2299 Patrem
3479 2242 3618 2315 quod

2055 2313 2258 2364 nesciat
2290 2313 2449 2366 Filius
2477 2355 2491 2378 ,
2527 2325 2579 2367 et
2610 2316 2657 2365 in
2694 2319 2934 2367 hairesirn
2967 2318 3229 2369 involutus
3272 2313 3507 2380 incidat,
3528 2319 3618 2370 sed

2057 2379 2222 2448 magis
2258 2381 2357 2434 hoc
2387 2384 2680 2451 signiﬁcare
2716 2387 2874 2438 voluit
2911 2387 3194 2447 Dominus,
3224 2388 3344 2455 quia
3376 2379 3536 2438 Filius
3565 2388 3616 2439 in

2056 2461 2205 2523 patre
2237 2468 2486 2517 manens,
2522 2469 2641 2506 cum
2674 2470 2736 2508 eo
2763 2457 3006 2509 universa
3037 2461 3341 2523 cognoscit,
3368 2458 3616 2521 quicquid

2055 2521 2197 2573 enim
2232 2533 2482 2589 operatur
2513 2525 2695 2588 Pater,
2727 2542 2887 2577 unnrrr
2916 2535 2998 2577 est
3026 2521 3144 2578 cum
3179 2526 3309 2578 Filio
3338 2535 3391 2578 et
3418 2527 3619 2592 Spiritu

2051 2601 2255 2653 stncto,
2286 2594 2401 2646 sine
2422 2596 2611 2660 quibus
2636 2612 2735 2647 non
2767 2608 3032 2661 operatur.
3066 2598 3127 2648 Et
3152 2596 3397 2660 quicquid
3430 2611 3621 2664 opera~

2053 2668 2135 2713 tur
2153 2664 2378 2729 Spiritus
2399 2675 2630 2729 sanctus,
2656 2681 2814 2716 untrm
2841 2678 2921 2719 est
2944 2681 3061 2717 cum
3086 2665 3243 2720 Patre
3262 2678 3310 2718 et
3332 2666 3484 2730 Filio,
3504 2666 3620 2720 sine

2049 2730 2236 2803 quibus
2254 2746 2369 2803 _tt0n
2398 2744 2664 2801 opt-ratur.
2694 2736 2828 2803 Ergo
2855 2747 2905 2789 et
2929 2736 3172 2802 quiequid
3204 2736 3299 2787 scit
3329 2734 3502 2795 Pater,
3535 2739 3617 2787 si-

2050 2802 2153 2853 tuul
2180 2811 2231 2854 et
2251 2800 2413 2855 Filius
2433 2800 2485 2857 et
2501 2805 2725 2871 Spiritus
2746 2800 2960 2857 sanctus
2984 2800 3103 2859 cum
3125 2822 3190 2858 eo
3214 2805 3399 2873 pariter
3417 2814 3614 2857 cuncta

2048 2882 2395 2935 (agnoscunt.
2433 2875 2561 2937 Quia
2592 2874 2666 2927 svi
2692 2876 2791 2926 icet
2831 2875 2982 2927 Pater
3010 2885 3063 2928 et
3108 2876 3269 2929 Filius
3308 2884 3361 2928 et
3388 2874 3620 2940 Spiritus

2046 2950 2261 3013 sanctus
2293 2958 2395 2995 una
2425 2954 2582 3011 atque
2625 2944 2982 3011 inseparabilis
3013 2946 3182 2999 deitas
3225 2944 3279 2997 in
3329 2945 3621 3013 semetipsa

2048 3008 2388 3066 ineﬁ'abiliter
2418 3008 2666 3066 Constans
2715 3008 2889 3067 omnia
2939 3016 3080 3067 novit
3128 3024 3180 3067 et
3209 3023 3395 3067 cuncta
3422 3008 3623 3079 mgnu-

2048 3080 2168 3133 scit.
2200 3082 2327 3134 Dum
2358 3098 2482 3136 vero
2512 3088 2731 3151 septima
2758 3083 2868 3150 jam
2898 3083 3011 3137 dies
3050 3084 3114 3138 ad
3160 3085 3395 3150 requiem
3420 3100 3620 3151 prepo-

2050 3162 2151 3213 rat,
2183 3154 2411 3205 mundus
2455 3154 2553 3206 iste
2580 3194 2592 3213 ,
2638 3156 2735 3206 hoc
2781 3166 2861 3206 (εει
2901 3153 3165 3207 elementa
3198 3154 3309 3219 ipsa
3343 3166 3625 3221 quiescant

2049 3236 2076 3270 a
2105 3223 2359 3275 servitute
2403 3237 2622 3276 necesse
2665 3232 2778 3287 cst,
2829 3234 2883 3275 ιιι
2916 3225 2965 3275 in
2998 3226 3109 3277 suis
3136 3225 3332 3277 sanctis
3366 3226 3627 3278 Dominus

2050 3292 2381 3360 requiescat,
2424 3304 2476 3345 et
2527 3293 2625 3360 ipsi
2664 3293 2716 3347 iri
2743 3308 2807 3345 eo
2839 3302 3095 3360 perpetuo
3124 3293 3193 3348 ab
3214 3295 3357 3345 omni
3388 3294 3627 3346 ﬁuctua-

2052 3359 2530 3431 ti0rreiquiescant.
2587 3366 2645 3415 Et
2698 3359 2996 3417 tuocvere
3037 3364 3439 3417 sabbatizabunt
3488 3364 3623 3431 justi

2049 3443 2169 3482 eum
2202 3430 2443 3496 Domino,
2490 3443 2543 3485 et
2592 3434 2703 3486 dics
2751 3434 2918 3498 prima
2964 3436 3052 3486 tiet
3084 3444 3271 3487 octava
3302 3430 3624 3488 inresurre-

2050 3499 2223 3553 ctionc
2269 3512 2573 3556 sanctorum
2601 3541 2617 3565 ,
2664 3504 2876 3570 quando
2906 3517 3027 3555 arca
3061 3503 3311 3556 ventilata
3342 3502 3498 3555 fuerit
3524 3544 3538 3564 ,
3569 3512 3629 3558 et

2050 3584 2079 3641 _a
2107 3572 2252 3636 palea
2284 3574 2570 3627 discretum
2600 3574 2699 3627 erit
2730 3573 3050 3625 frumentum
3074 3614 3088 3635 ,
3118 3574 3329 3641 quando
3356 3588 3461 3626 non
3487 3574 3627 3626 late-

2056 3638 2131 3712 bit
2155 3641 2295 3712 quod
2329 3656 2469 3695 nunc
2502 3644 2645 3696 latet.
2677 3642 2806 3695 Nam
2839 3643 2985 3703 quid,
3018 3638 3166 3712 rogo,
3201 3646 3438 3696 cernitur
3464 3659 3623 3698 mun-

2051 3708 2173 3775 dus,
2204 3710 2332 3763 dum
2359 3713 2478 3766 vilis
2507 3712 2758 3779 apparet?
2787 3712 2974 3765 Totum
3000 3708 3125 3780 erg'u
3152 3728 3312 3780 Super
3340 3728 3427 3765 Im
3454 3728 3628 3766 anno-

2052 3786 2168 3833 rntn
2218 3780 2243 3818 δ
2291 3783 2396 3849 agit
2447 3797 2583 3837 nunc
2636 3781 3015 3849 perfeciunem
3064 3798 3213 3835 suam
3282 3782 3334 3835 in
3398 3799 3626 3837 numero

2054 3849 2424 3919 Evangelium,
2456 3864 2510 3905 ut
2539 3854 2588 3906 in
2617 3854 2695 3906 cis
2727 3853 2814 3919 qui
2848 3853 3004 3904 futuri
3030 3864 3147 3905 sunt
3181 3852 3248 3905 ad
3279 3852 3502 3906 Salutem
3529 3854 3625 3919 sit,

2055 3918 2379 3984 inquantttm
2412 3924 2743 3976 concesserit
2792 3923 2901 3987 ipsa
2959 3922 3236 3988 Divinitas,
3288 3924 3371 3975 cui
3399 3922 3494 3976 Soli
3526 3938 3627 3977 cu-

2053 3991 2255 4057 gttitrrrn
2289 4002 2543 4058 quantum
2578 3995 2730 4047 nobis
2760 3992 3010 4058 expedire
3040 4002 3218 4058 queat.

2051 4062 2144 4113 25.
2188 4060 2349 4129 Igitur
2387 4062 2699 4129 incipiamus
2746 4064 2976 4129 ipsorum
3027 4061 3297 4115 (Ia-sarum
3344 4062 3422 4115 vel
3454 4061 3628 4130 impe-

2334 4141 2567 4184 ratorum
2601 4148 2767 4184 annos
2793 4147 2924 4199 quos
2952 4142 3339 4200 regnaverunt.

2128 4200 2306 4254 Liceat
2333 4201 2399 4253 ab
2444 4203 2670 4254 adventu
2721 4201 3011 4256 Salvatoris
3057 4203 3106 4254 in
3147 4217 3304 4255 carne
3345 4217 3627 4270 exponere

2053 4272 2342 4323 secundum
2373 4271 2680 4324 CitrOttit'alll
2706 4273 3132 4325 exsecutionem.

2127 4345 2390 4407 Augustus
2438 4356 2665 4408 namque
2691 4382 2703 4402 ,
2758 4346 2843 4409 qui
2878 4354 2926 4395 et
2958 4339 3280 4394 Octavianus
3308 4339 3508 4405 Ctesar,
3540 4340 3625 4395 Vel

2059 4408 2366 4474 imperator,
2398 4413 2635 4476 regnavit
2659 4408 2824 4462 annos
2851 4427 2936 4468 ιν.
2967 4411 3059 4464 ενά
3089 4413 3138 4464 in
3175 4426 3285 4465 XLII
3330 4413 3475 4480 regni
3504 4410 3623 4479 ejus

450 4466 553 4536 23.
584 4483 687 4538 Sed
720 4466 875 4537 nunc,
900 4483 1010 4550 jam
1060 4479 1124 4534 ad
1160 4479 1207 4533 id
1239 4478 1379 4532 unde
1405 4477 1674 4547 digressus
1707 4492 1831 4550 sum
1863 4494 1954 4533 rc—
1984 4466 2033 4526 D
2060 4466 2216 4550 naius
2248 4466 2604 4535 est'tglrristus
2630 4484 2678 4532 in
2708 4496 2869 4535 carne
2898 4466 2963 4533 de
2996 4480 3230 4549 Virgine.

383 4561 625 4619 torquato
656 4554 753 4619 (ita
773 4548 920 4617 cod.)
964 4551 1267 4613 articrrlnrn,
1309 4558 1365 4601 ut
1397 4553 1595 4616 possim
1648 4548 1949 4619 adprobare

382 4617 523 4682 quod
553 4625 604 4677 in
638 4617 742 4676 line
767 4634 1069 4689 temporum
1102 4620 1311 4675 venerit
1335 4619 1607 4680 Christus,
1644 4617 1735 4670 Dei
1768 4629 1820 4671 et
1854 4617 1943 4689 ho-

385 4694 581 4744 nrinum
608 4688 885 4746 mediator
910 4694 958 4745 in
989 4707 1170 4754 carne,
1221 4690 1379 4743 sicuti
1427 4692 1670 4755 superius
1701 4688 1949 4753 exposui-

382 4777 519 4827 mus,
545 4764 802 4828 Apo~tolo
835 4762 1156 4829 praedicante
1191 4768 1468 4828 postquam
1496 4759 1569 4811 ait
1598 4776 1610 4810 :
1642 4758 1778 4829 Cum
1806 4758 1955 4810 venit

384 4827 655 4897 plenitudo
684 4827 957 4901 temporis,
990 4833 1134 4883 misit
1177 4827 1540 4901 DeusFiliutn
1572 4827 1950 4901 sunmﬂlactnm

381 4917 444 4953 cx
476 4903 721 4961 muliere.
753 4897 857 4956 etc.
892 4902 961 4955 Et
988 4902 1258 4956 Johanrrcs
1286 4899 1609 4966 evangelista
1635 4899 1685 4950 in
1718 4897 1949 4964 Epistula

378 4988 473 5023 sua
496 4972 621 5026 dicit
648 4992 659 5025 :
707 4973 876 5027 Filioli
898 5011 913 5035 ,
947 4971 1229 5024 novissima
1258 4971 1383 5021 liora
1413 4980 1512 5022 est.
1544 4968 1647 5022 Sed
1677 4978 1727 5021 et
1765 4971 1947 5021 beatus

382 5042 569 5095 Petrus
601 5044 961 5109 apostolorum
997 5042 1242 5108 princeps
1285 5040 1473 5091 eadem
1517 5036 1816 5109 inrepistula
1850 5053 1941 5109 sua

379 5111 507 5163 dicit
536 5130 547 5164 :
580 5108 692 5166 Non
726 5114 810 5165 latr
832 5122 885 5166 at
919 5127 1043 5173 vos,
1071 5113 1267 5176 inquit,
1304 5109 1402 5161 hoc
1435 5108 1618 5170 David,
1646 5110 1766 5175 quia
1801 5108 1947 5160 mille

379 5182 515 5246 apud
566 5182 727 5235 Dettnr
770 5184 903 5236 sicut
953 5184 1064 5235 dies
1107 5197 1207 5232 uoa
1237 5218 1250 5241 ,
1303 5190 1354 5231 et
1403 5178 1519 5231 dies
1568 5194 1667 5229 tina
1700 5188 1945 5243 tatrqnam

384 5254 531 5306 rrrille
556 5254 704 5307 amri.
738 5254 841 5307 Sex
872 5252 1013 5306 enim
1060 5252 1247 5303 diebus
1276 5248 1581 5313 perhibemr
1613 5248 1697 5300 hic
1720 5250 1946 5299 mundus

383 5324 645 5385 perfer-tus
695 5339 724 5375 a
776 5325 881 5376 Deo
929 5337 1049 5375 cum
1099 5322 1347 5372 Omnibus
1376 5333 1493 5386 quae
1524 5319 1575 5370 in
1606 5331 1670 5370 co
1702 5325 1862 5379 situt;
1894 5325 1948 5369 et

384 5393 435 5444 ιτι
464 5394 689 5461 septima
730 5393 1057 5463 requievisse
1088 5389 1251 5463 Deum
1282 5390 1349 5463 ab
1373 5404 1534 5454 opere
1560 5402 1655 5463 suo
1687 5387 1944 5463 praedica-

384 5472 500 5528 tur;
528 5456 581 5518 id
612 5474 717 5531 est,
747 5456 982 5533 perfecto
1011 5460 1158 5515 orbis
1185 5460 1471 5523 curriculo,
1498 5458 1781 5525 requiescit
1813 5456 1951 5509 Deus

456 5579 483 5607 "
526 5577 720 5631 Recole
750 5579 893 5631 dir-ta
926 5593 952 5630 a
987 5576 1136 5629 nob's
1165 5573 1214 5625 in
1251 5572 1444 5638 pratvio
1479 5571 1705 5625 monito.

458 5645 482 5679 δ
524 5648 577 5698 ld
607 5657 703 5710 est,
734 5650 867 5700 ultra
901 5657 1107 5701 sextum
1136 5644 1423 5695 milliarntn
1451 5656 1737 5694 annorum.

460 5723 479 5748 ε
527 5721 564 5764 Λ
597 5708 800 5777 Mal-ala,
836 5732 887 5783 p.
919 5717 1036 5777 109,
1075 5713 1273 5767 dicitur
1306 5712 1492 5767 Lucius
1521 5712 1678 5766 Otho.
1735 5708 1946 5767 Utrobi-

392 5796 491 5847 que
523 5784 769 5836 mendose
802 5801 894 5853 pro
928 5786 1151 5839 Salvius.

2129 4549 2378 4605 Tiberius
2408 4552 2642 4619 regnavit
2672 4568 2773 4602 atrtt
2812 4565 2838 4604 s
2866 4566 2969 4603 uel
3001 4562 3053 4604 et
3075 4553 3369 4605 dimidium.
3429 4550 3533 4606 Sed
3567 4550 3620 4605 in

2057 4622 2240 4686 quinto
2284 4620 2492 4673 decimo
2553 4622 2695 4689 regni
2745 4620 2858 4687 ejus
2907 4622 3200 4688 baptizatus
3249 4632 3331 4674 est
3370 4620 3626 4673 Dutn‘nus

2056 4689 2210 4742 Jesus
2238 4691 2288 4742 in
2317 4690 2549 4745 Jordartze
2577 4690 2793 4744 ﬂumine
2824 4706 2851 4740 a
2884 4690 3126 4747 Johanne
3158 4704 3507 4758 prrccursme.
3561 4693 3628 4743 lit

2058 4759 2106 4829 in
2132 4774 2259 4812 xvrrt
2292 4775 2430 4811 anno
2471 4764 2614 4829 regni
2644 4760 2807 4827 ipsius
2838 4759 3030 4812 Tiberii
3081 4759 3304 4813 Ctesaris
3332 4775 3517 4827 passus
3543 4770 3627 4811 est

2058 4828 2195 4881 idem
2226 4830 2479 4883 Dominus
2510 4828 2688 4884 noster
2708 4830 2862 4883 Jesus
2886 4830 3162 4896 Christus;
3187 4841 3239 4882 ct
3266 4830 3446 4891 pandit
3472 4832 3626 4883 nobis

2058 4901 2289 4968 salutare
2338 4909 2391 4954 et
2439 4903 2725 4962 pretiOsurn
2779 4902 2972 4968 lignum
3017 4915 3229 4960 crucis,
3274 4898 3328 4952 in
3372 4916 3476 4966 quo
3522 4901 3627 4952 sibi

2053 4967 2328 5035 conjunxit
2380 4970 2676 5023 Ecclesium
2729 4967 2832 5038 peri
2866 4973 3178 5037 sanguinem
3225 4980 3279 5024 et
3318 4984 3515 5036 aquam
3558 4984 3628 5024 ex

2056 5041 2269 5104 proprio
2295 5039 2479 5093 latere.
2510 5040 2631 5093 Post
2660 5038 2930 5092 Tiberium
2962 5055 3111 5105 vero,
3256 5067 3263 5073 -

2124 5110 2285 5160 Gaius
2318 5110 2555 5175 regnavit
2576 5124 2741 5162 annos
2772 5123 2847 5162 llll
2878 5118 2931 5162 et
2958 5124 3167 5164 menses
3196 5124 3287 5161 vn.

2124 5176 2376 5249 Claudius
2400 5179 2640 5249 regnavit
2670 5193 2841 5249 anuos
2868 5194 2979 5232 xrrn
3012 5187 3067 5231 et
3092 5195 3303 5233 menses
3331 5193 3469 5232 VIIII.

2125 5247 2262 5300 Nero
2296 5247 2531 5314 regnavit
2562 5248 2713 5300 armis
2744 5263 2834 5302 χιιι
2862 5258 2917 5303 et
2945 5263 3158 5304 menses
3189 5264 3243 5303 tt.

2125 5318 2287 5372 Galba
2320 5316 2554 5386 regnavit
2582 5332 2723 5371 anno
2752 5334 2765 5370 t
2791 5329 2843 5371 et
2874 5333 3083 5374 menses
3113 5335 3203 5375 vn.

2129 5398 2149 5423 τ
2181 5386 2370 5440 Lucius
2406 5390 2635 5455 regnavit
2666 5403 2874 5441 menses
2904 5404 2981 5441 ιιι.

2130 5455 2368 5511 Vitellius
2382 5455 2645 5527 regnavitd
2663 5472 2829 5511 annos
2845 5473 2952 5511 rint
2967 5468 3019 5513 et
3036 5472 3242 5514 menses
3255 5473 3347 5514 vui
3364 5467 3418 5513 et
3438 5458 3633 5516 semis.

2127 5570 2150 5606 ἀ
2196 5569 2457 5625 Grandem
2491 5569 2633 5625 hunc
2661 5584 2896 5623 errorem
2939 5570 3101 5623 sumit
3149 5578 3331 5624 noster
3373 5568 3440 5620 ab
3465 5568 3632 5621 histo-

2059 5644 2185 5696 ricis
2209 5657 2363 5721 quos
2385 5650 2626 5709 sequitur
2678 5640 2893 5695 Malalas
2917 5679 2934 5705 ,
2984 5657 3101 5710 pag.
3134 5642 3256 5696 “tl.
3312 5640 3437 5694 Dele
3468 5639 3633 5707 igitur

2054 5728 2241 5780 annos,
2272 5722 2438 5767 rcttne
2466 5724 2699 5766 menses.
