4054 6190
392 364 533 422 1175

1379 357 1469 413 AD
1510 350 1911 410 MARTYROL.
1959 344 2163 402 BED/E
2205 342 2652 402 APPENDICES.

3502 340 3644 398 “76

391 482 588 538 luvium
621 481 811 533 factum
840 490 942 534 est.
988 480 1053 534 Et
1092 479 1177 534 hie
1222 478 1490 548 perﬁcitur
1517 489 1768 531 numerus
1794 486 1960 528 anno-

2075 467 2187 547 anni
2221 481 2346 520 xvn.
2394 458 2860 548 (Ingemui-hane
2906 472 3072 541 usque
3115 458 3183 513 ad
3231 458 3646 548 [thilomet'orem

391 568 506 607 rum
538 550 847 605 millesimus
876 565 1084 605 netxvt.

882 638 1085 694 ASTAS
1130 636 1466 693 SECUNDA.

466 732 621 787 Anno
665 730 897 787 secundo
945 740 1059 798 post
1109 730 1362 783 diluvium
1412 729 1534 783 Sem
1584 740 1845 781 annorum
1889 741 1962 798 Cll

390 804 568 862 genuit
599 802 835 856 Arl'axat.
885 796 1102 855 Artaxat
1153 799 1350 853 habens
1395 813 1561 852 annos
1613 812 1752 850 xxxv
1783 796 1965 864 genuit

392 874 535 927 Sale.
574 872 697 927 Sale
740 881 915 924 autem
964 870 1164 923 habens
1208 885 1372 922 annos
1420 885 1525 922 xxx
1569 868 1747 937 genuit
1803 866 1959 937 Eber.

391 944 530 995 liber
557 942 756 998 habens
786 955 955 993 annos
986 955 1148 993 xxxiv
1176 940 1355 1008 genuit
1384 936 1599 992 Falcchl
1636 936 1825 989 Falecli
1870 936 1964 987 ba-

394 1013 522 1064 bens
551 1026 715 1065 annos
746 1026 845 1064 χιχ
877 1010 1055 1072 genuit
1086 1010 1214 1062 lien.
1252 1009 1360 1062 Reu
1391 1008 1592 1063 habens
1621 1020 1788 1059 annos
1822 1020 1963 1058 xxxii

391 1082 573 1150 genuit
597 1082 817 1137 Seruch.
848 1079 1049 1134 Seruch
1078 1080 1280 1133 habens
1318 1094 1483 1131 annos
1508 1093 1623 1150 xx_x_
1648 1074 1965 1150 genui_t_Na-

390 1143 540 1205 Ebur.
572 1150 780 1205 Nachor
804 1150 1001 1203 habens
1024 1164 1189 1202 annos
1214 1164 1335 1202 χχιχ
1364 1149 1544 1213 genuit
1568 1147 1757 1199 Thara.
1790 1143 1962 1197 Tbara

394 1222 594 1275 habens
620 1234 787 1274 annos
831 1234 939 1274 Lxx
976 1220 1159 1285 genuit
1204 1217 1492 1271 Abraham.
1534 1216 1627 1269 Hic
1656 1216 1961 1285 linitur_nu-

395 1306 573 1344 merus
601 1290 845 1345 secunda:
875 1283 1043 1342 astatis
1074 1288 1271 1342 habens
1302 1302 1466 1340 annos
1493 1300 1665 1340 ccxcn
1688 1324 1704 1348 ,
1752 1294 1804 1339 et
1835 1283 1966 1338 liunt

392 1360 549 1415 simul
576 1362 698 1416 anni
727 1360 947 1414 duarum
976 1365 1189 1412 aatatuni
1221 1357 1360 1411 inille
1391 1369 1740 1411 accccxtviti.

914 1464 1115 1521 AETAS
1156 1464 1427 1519 TERTIA.

465 1556 727 1611 Abraham
757 1569 877 1609 cum
905 1563 1045 1608 esset
1072 1570 1101 1609 c
1132 1570 1387 1609 annorum
1413 1553 1599 1623 genuit
1623 1554 1787 1609 lsaac.
1820 1555 1965 1610 Isaac

398 1627 598 1681 habens
627 1641 791 1679 annos
831 1640 893 1677 t.x
941 1626 1119 1692 genuit
1158 1625 1339 1679 Jacob.
1379 1625 1542 1679 Jacob
1572 1625 1770 1679 habens
1798 1640 1965 1679 annos

394 1712 459 1751 xc
488 1698 667 1765 genuit
692 1694 887 1762 Josepb
918 1695 1005 1761 qui
1038 1696 1165 1765 vixit
1211 1709 1378 1748 annos
1416 1710 1507 1747 cx.
1552 1694 1871 1765 Fueruntah
1901 1711 1965 1748 eo

398 1764 564 1832 usque
590 1766 653 1818 ad
679 1765 1040 1832 egressionem
1084 1764 1308 1818 liliorum
1338 1766 1497 1818 lsrael
1529 1779 1591 1817 ex
1621 1764 1845 1834 Aigypto
1874 1780 1965 1830 per

393 1836 587 1890 Mosein
627 1837 812 1889 ducem
859 1834 982 1886 anni
1025 1849 1179 1887 cexv.
1237 1835 1300 1887 Et
1343 1836 1410 1886 ab
1453 1834 1755 1901 egressione
1806 1834 1964 1889 Israel

394 1920 561 1971 usque
588 1906 652 1959 ad
680 1904 839 1957 .Iosue
861 1904 982 1957 anni
1008 1920 1091 1957 ιι.
1117 1905 1158 1958 Α
1183 1902 1342 1957 Josue
1366 1919 1492 1971 ergo
1516 1919 1680 1969 usque
1707 1904 1770 1957 ad
1803 1904 1846 1957 Ο
1872 1904 1965 1957 ho-

395 1977 584 2029 nielem
633 1976 763 2027 liunt
807 1974 931 2026 anni
980 1990 1119 2028 χχνι.
1165 1975 1225 2027 Ει
1255 1974 1319 2028 ab
1370 1973 1645 2027 tithoniele
1693 1988 1857 2040 usque
1899 1974 1964 2028 ad

392 2045 534 2100 Aoth
562 2045 682 2098 anni
712 2060 796 2097 χι.
829 2045 908 2098 Ab
938 2046 1072 2097 Anth
1107 2060 1229 2096 vero
1260 2058 1424 2110 usque
1461 2043 1524 2094 ad
1566 2043 1801 2096 Debbora
1836 2044 1967 2097 ﬁunt

391 2117 518 2169 anni
550 2130 704 2169 ιχχχ.
754 2115 819 2167 Et
863 2129 891 2165 δ
940 2113 1175 2167 Debbura
1216 2128 1380 2180 usque
1406 2114 1468 2165 ad
1499 2112 1802 2167 Gedeonem
1836 2114 1968 2166 liunt

393 2186 514 2239 anni
549 2200 630 2238 χι..
666 2184 728 2236 Et
755 2198 783 2236 a
811 2182 1062 2238 Cedeone
1093 2198 1257 2250 usque
1287 2184 1350 2235 ad
1391 2184 1694 2236 Abimelecb
1723 2184 1845 2235 anni
1878 2199 1960 2237 χι.

395 2255 477 2309 Ab
507 2254 807 2308 Abimelech
838 2261 1013 2307 autem
1044 2268 1211 2321 usque
1240 2254 1303 2306 ad
1331 2253 1460 2307 Tola
1492 2253 1621 2305 liunt
1659 2254 1779 2305 anni
1810 2269 1890 2307 ιιι.
1922 2259 1963 2308 Α

395 2323 522 2377 Τοιδ
555 2324 748 2392 quippe
795 2339 960 2391 usque
995 2322 1107 2378 Jair
1144 2332 1266 2377 sunt
1290 2325 1410 2376 anni
1446 2338 1592 2375 χχιιι.
1628 2327 1668 2376 Α
1700 2322 1810 2377 Jair
1838 2338 1966 2376 vero

396 2409 561 2464 usque
588 2399 652 2447 ad
681 2393 868 2460 Jephte
896 2403 1018 2464 sunt
1045 2393 1184 2464 anni;
1212 2408 1344 2464 xxii.
1392 2394 1456 2446 Et
1493 2395 1558 2446 de
1584 2393 1772 2460 Jephte
1802 2408 1967 2464 usque

393 2467 457 2516 ad
478 2462 693 2518 ‘Ebesan
726 2466 855 2516 liunt
899 2462 1019 2516 anni
1050 2478 1119 2516 γι.
1164 2462 1239 2517 De
1290 2463 1457 2517 Ebesa
1502 2473 1676 2516 autem
1706 2478 1871 2530 usque
1900 2463 1965 2515 ad

396 2534 735 2589 Acbialonem
766 2542 887 2586 sunt
925 2532 1047 2586 anni
1094 2547 1187 2586 ιιι.
1241 2534 1319 2585 Ab
1360 2532 1647 2587 Acbialone
1688 2547 1854 2601 usque
1900 2532 1965 2585 ad

400 2604 700 2657 Labdoneni
736 2602 866 2656 liunt
904 2602 1026 2655 anni
1072 2619 1124 2656 x.
1173 2604 1218 2657 A
1266 2604 1511 2656 Labdonc
1541 2617 1666 2655 vero
1698 2617 1863 2668 usque
1900 2602 1966 2654 ad

395 2674 709 2728 Samsonem
749 2674 878 2725 (inut
923 2673 1044 2725 anni
1075 2687 1184 2725 vni.
1240 2672 1305 2725 Et
1334 2688 1363 2726 a
1395 2673 1655 2726 Samsone
1694 2686 1855 2740 usqu:
1956 2673 1962 2681 ‘

400 2744 514 2797 lleli
544 2744 666 2796 anni
697 2758 783 2795 xx.
815 2743 895 2795 Ah
926 2741 1038 2796 lleli
1062 2743 1199 2795 enim
1232 2757 1397 2811 usque
1423 2743 1488 2794 ad
1517 2741 1818 2811 Satnuelem
1843 2750 1969 2794 sunt

396 2812 520 2867 anui
549 2828 635 2867 χι..
689 2812 751 2865 Et
780 2826 807 2865 a
838 2811 1082 2866 Samuele
1112 2826 1278 2879 usque
1314 2810 1383 2865 ad
1432 2810 1643 2865 Saulem
1683 2821 1806 2864 sunt
1843 2811 1969 2864 anni

399 2898 489 2936 xu.
521 2886 562 2937 A
593 2883 749 2937 Saule
770 2896 893 2948 ergo
925 2897 1087 2949 usque
1113 2883 1177 2934 ad
1210 2882 1371 2934 David
1401 2890 1526 2935 sunt
1550 2880 1674 2935 anui
1705 2897 1830 2934 xxx.
1874 2881 1969 2935 llic

401 2952 670 3018 perﬁcitur
696 2963 949 3005 numerus
990 2950 1157 3005 tertia:
1186 2953 1354 3006 aetatis
1380 2966 1642 3004 annorum
1673 2965 1965 3015 tccccxui,

400 3033 454 3078 et
479 3029 604 3078 sunt
628 3021 783 3078 simul
808 3020 931 3075 anni
955 3020 1110 3075 triunt
1135 3031 1347 3077 aatatum
1378 3022 1482 3077 duo
1511 3021 1677 3077 millia
1706 3035 1930 3077 Dcccxc.

916 3131 1118 3189 ΕΤΑὸ
1144 3131 1445 3198 QUARTA.

477 3248 519 3301 A
553 3247 714 3301 David
742 3261 907 3316 usque
935 3247 998 3299 ad
1022 3247 1355 3302 Salomonem
1380 3258 1501 3302 sunt
1528 3248 1649 3302 anni
1682 3263 1769 3301 χι..
1810 3247 1855 3301 A
1879 3246 1976 3301 Sa-

404 3318 613 3371 lomone
635 3326 809 3371 autem
827 3331 990 3385 usque
1006 3317 1068 3369 ad
1091 3317 1329 3373 RubOani
1359 3327 1729 3386 computantur
1747 3319 1869 3371 anni
1886 3334 1971 3371 ιι.

406 3389 466 3442 Et
486 3404 515 3441 a
544 3388 774 3440 lloboam
796 3400 960 3453 usque
985 3387 1048 3440 ad
1074 3387 1254 3439 Abiam
1269 3398 1385 3441 sunt
1424 3388 1546 3442 anni
1580 3402 1709 3442 xxtt.
1738 3388 1819 3442 Ab
1844 3390 1975 3441 Abia

404 3472 568 3527 usque
592 3458 656 3510 ad
694 3458 797 3510 Asa
830 3454 961 3510 liunt
988 3456 1109 3527 anni
1139 3472 1216 3509 ιιι.
1250 3459 1313 3510 Et
1342 3459 1408 3510 ab
1446 3461 1548 3512 Asa
1590 3474 1753 3527 usque
1794 3456 1859 3511 ad
1886 3456 1976 3511 Jo-

405 3525 590 3597 sapbat
617 3527 737 3580 anni
773 3541 880 3580 xu.
935 3529 974 3597 A
1016 3525 1270 3593 .Iosayhat
1298 3537 1472 3579 autem
1510 3525 1682 3597 usque
1704 3527 1768 3581 ad
1795 3531 1974 3581 .Ioram

405 3595 523 3651 sunt
548 3597 670 3650 anni
695 3611 816 3651 xxv.
855 3597 926 3649 De
949 3595 1128 3650 Joraui
1161 3611 1324 3665 usque
1351 3597 1415 3649 ad
1438 3595 1681 3650 Azariam
1705 3606 1829 3651 sunt
1850 3597 1972 3651 anni

406 3682 519 3722 vni.
552 3667 704 3721 Etab
730 3666 916 3720 Azaria
946 3680 1110 3733 usque
1146 3668 1210 3719 ad
1251 3667 1515 3719 Athaliam
1551 3665 1607 3718 lit
1634 3681 1802 3721 annus
1832 3681 1868 3719 ι.
1896 3669 1976 3721 Ab

404 3738 611 3791 Athalia
653 3737 793 3790 enim
836 3750 1001 3804 usque
1046 3735 1112 3788 ad
1158 3736 1308 3789 Joam
1355 3746 1476 3790 sunt
1513 3735 1639 3788 anni
1686 3751 1754 3789 v1.
1797 3737 1841 3788 A
1878 3735 1974 3790 Joa

406 3822 530 3860 vero
556 3820 722 3875 usque
748 3806 813 3859 ad
840 3805 1106 3860 Amasiatn
1146 3815 1269 3859 sunt
1306 3805 1427 3859 anni
1457 3821 1541 3859 χι.
1573 3805 1639 3859 Ει.
1662 3806 1729 3857 ab
1766 3805 1975 3859 Ainasia

408 3892 569 3945 usque
597 3878 662 3941 ad
690 3877 872 3930 Oziam
902 3875 1167 3945 suntanui
1199 3890 1342 3945 χχιι.
1376 3876 1457 3929 ΑΙ)
1485 3876 1607 3929 Ozia
1638 3875 1777 3929 enim
1812 3889 1978 3941 usque

408 3943 744 3999 ad‘Joatbam
771 3947 902 3998 liunt
928 3944 1049 3997 anni
1074 3960 1164 3997 ιιι.
1208 3943 1280 3997 De
1302 3944 1487 3998 Joatha
1517 3954 1690 3998 autem
1724 3959 1887 4013 usque
1912 3946 1977 3998 ad

411 4016 580 4068 Achat
605 4024 729 4068 sunt
757 4013 877 4068 anni
900 4028 1006 4068 xvi.
1041 4012 1104 4067 Et
1129 4016 1195 4068 ab
1222 4017 1389 4067 Achat
1418 4029 1583 4084 usque
1609 4016 1672 4067 ad
1700 4012 1976 4068 Ezechiam

411 4095 539 4139 sunt
565 4088 685 4138 anui
720 4100 827 4138 xvi.
870 4084 951 4137 Ab
983 4084 1207 4137 Ezecbia
1237 4098 1362 4153 ergo
1394 4099 1562 4149 usuue
1587 4085 1651 4137 ad
1683 4084 1976 4138 Manassem

413 4158 543 4208 liunt
569 4154 691 4207 anni
722 4169 868 4207 xxix.
901 4154 945 4207 A
972 4154 1209 4208 Manasse
1234 4168 1357 4209 vero
1380 4168 1544 4222 usque
1569 4154 1634 4207 ad
1665 4159 1835 4207 Λιιιοη
1858 4162 1981 4208 sunt

409 4225 530 4278 anni
561 4240 645 4278 ιν.
697 4225 764 4278 Et
799 4225 867 4279 ab
903 4228 1072 4279 Amon
1105 4239 1268 4291 usque
1295 4225 1358 4277 ad
1384 4224 1580 4278 Jusiam
1612 4226 1743 4277 liunt
1768 4224 1890 4277 anni
1919 4240 1975 4278 ιι.

415 4297 477 4349 Et
501 4294 567 4348 de
593 4292 735 4349 Josia
758 4308 925 4362 usque
953 4294 1018 4347 ad
1046 4292 1283 4347 JOacliim
1309 4306 1431 4347 sunt
1455 4296 1576 4347 anni
1608 4309 1750 4347 xxxi.
1785 4294 1830 4346 A
1858 4293 1980 4347 Joa-

412 4365 552 4418 cbini
583 4377 747 4431 usque
774 4365 841 4416 ad
870 4362 1176 4417 'Lesecbiam
1219 4373 1342 4417 sunt
1370 4365 1490 4417 anni
1520 4380 1590 4417 xt.
1626 4363 1698 4417 De
1727 4363 1979 4417 Zesecbia

411 4448 582 4502 usque
628 4434 695 4487 ad
744 4431 1229 4487 Nabuchodonosor
1265 4435 1388 4487 anni
1434 4449 1508 4487 χι.
1542 4434 1639 4487 llic
1679 4436 1856 4487 linitur
1884 4450 1980 4487 uu-

2064 537 2188 589 anni
2220 551 2361 589 xxiv.
2396 534 2439 588 A
2470 532 2828 586 l’hilnmetore
2852 529 2990 582 enim
3023 544 3187 596 usque
3210 530 3275 582 ad
3314 531 3441 583 item
3476 531 3645 586 Ever-

2065 614 2237 671 getem
2276 604 2399 657 anni
2433 600 2691 671 xxxv._Et
2730 598 2798 651 ab
2826 597 3083 671 Evergete
3111 614 3277 671 usque
3302 600 3367 671 ad
3398 600 3648 656 Soterem

2063 668 2189 728 Sunt
2215 677 2335 728 anni
2362 687 2511 727 xxix.
2537 674 2577 724 A
2603 668 2792 725 Sotere
2822 684 2986 737 usque
3015 668 3079 721 ad
3119 669 3487 724 Alexandrum
3518 672 3647 725 anni

2066 759 2197 798 xvii.
2231 746 2311 797 Ab
2343 741 2647 796 Alexandro
2676 752 2803 792 vero
2828 753 2996 808 usque
3025 738 3089 791 ad
3115 738 3481 793 Tliolumzeum
3513 740 3650 795 ﬁunt

2063 817 2186 868 anni
2220 829 2269 866 x.
2305 812 2351 866 A
2382 810 2690 865 'l‘holomteo
2730 823 2896 878 usque
2925 808 2991 861 ad
3017 808 3324 878 Dionysium
3356 811 3479 864 anni
3525 826 3650 865 χιιι.

2070 886 2111 937 A
2144 882 2397 953 Dionysio
2432 895 2557 935 vero
2582 892 2749 953 usque
2771 876 3192 953 adACleopati-am
3220 889 3342 932 sunt
3364 881 3485 953 anni
3515 896 3648 934 xxx.

2065 953 2106 1005 A
2138 948 2415 1020 Cleopatra
2463 964 2629 1017 usque
2667 948 2731 1001 ad
2770 948 2967 1020 Juliuni
3012 948 3278 1002 Caesarem
3323 950 3443 1002 anni
3491 964 3545 1003 ll.
3597 954 3648 1005 Α

2063 1022 2201 1076 Julio
2232 1018 2397 1089 uSque
2438 1020 2503 1073 ad
2545 1020 2888 1089 Octavianum
2938 1018 3230 1089 Augustum
3276 1028 3399 1089 sunt
3435 1021 3645 1089 anniv.

2068 1093 2147 1144 Ab
2176 1086 2463 1155 Octaviano
2495 1105 2662 1157 usque
2690 1089 2752 1141 ad
2776 1086 3044 1141 Christum
3073 1088 3199 1140 liunt
3228 1088 3354 1141 anni
3387 1104 3521 1142 χιιι.
3542 1087 3647 1143 Hic

2065 1165 2243 1216 linitur
2270 1163 2451 1229 quinta
2488 1172 2618 1213 mtas
2650 1173 2818 1212 annus
2859 1157 3063 1211 habens
3101 1172 3296 1223 ιιιιιχ,
3328 1169 3382 1213 et
3412 1164 3541 1215 liunt
3567 1161 3646 1214 si-

2065 1232 2174 1286 mul
2203 1234 2324 1287 anni
2354 1232 2587 1302 quinque
2616 1237 2831 1282 mtatum
2860 1242 2916 1280 ιιι
2949 1243 2982 1281 ιι
3007 1242 3264 1283 occccw.

2615 1340 2811 1396 IETAS
2851 1340 3100 1396 SEXTA.

2139 1436 2179 1486 A
2216 1432 2489 1487 nativitate
2536 1430 2737 1484 Domini
2771 1432 2935 1503 nostri
2966 1431 3126 1503 JestL
3142 1429 3340 1503 Christi
3388 1447 3553 1503 usque
3574 1434 3646 1489 ad

2066 1502 2336 1556 Tiberium
2369 1510 2715 1573 numerantur
2739 1502 2860 1554 anni
2888 1517 2989 1573 χιν.
3018 1501 3062 1554 Α
3090 1501 3304 1573 Tiberio
3318 1518 3452 1573 yero
3471 1501 3645 1573 usque

2066 1574 2130 1625 ad
2160 1573 2465 1626 Passionem
2498 1571 2693 1624 Christi
2724 1580 2847 1624 sunt
2867 1572 2987 1624 anni
3016 1586 3125 1624 χιι.
3153 1571 3217 1624 Et
3242 1587 3269 1623 a
3292 1572 3486 1627 Christi
3513 1571 3647 1629 Pas-

2066 1644 2219 1696 sione
2249 1657 2413 1711 usque
2444 1642 2506 1711 ad
2541 1642 2727 1694 Gaium
2760 1641 2889 1693 ﬁunt
2918 1644 3039 1711 anni
3080 1656 3129 1693 ιι.
3157 1642 3199 1693 A
3230 1641 3355 1694 Caio
3384 1656 3548 1709 usque
3572 1646 3642 1699 ad

2066 1710 2343 1765 Claudium
2370 1710 2497 1764 anni
2523 1727 2594 1764 tv.
2644 1712 2707 1762 Et
2744 1724 2773 1763 δ
2810 1710 3031 1765 Claudio
3078 1725 3244 1778 usque
3269 1712 3330 1764 ad
3372 1712 3640 1768 Neronem

2074 1784 2206 1835 liunt
2234 1783 2355 1835 anni
2388 1796 2494 1833 χιιι.
2522 1783 2563 1833 A
2592 1780 2799 1850 Nerone
2829 1795 2952 1835 vero
2976 1795 3141 1849 usque
3171 1781 3238 1834 ad
3267 1780 3642 1850 Vespasianum

2070 1862 2194 1906 sunt
2219 1854 2343 1904 anni
2373 1866 2478 1903 xiv.
2509 1852 2571 1903 lit
2592 1852 2657 1904 de
2690 1849 3013 1918 Vespasiano
3044 1864 3209 1919 usque
3230 1851 3295 1903 ad
3325 1849 3497 1905 Titum
3520 1856 3644 1907 anni

2071 1936 2181 1974 xiv.
2217 1922 2261 1973 A
2293 1922 2413 1974 Tito
2436 1935 2564 1974 vero
2596 1934 2762 1987 usque
2799 1921 2862 1973 ad
2898 1921 3247 1973 Domitianum
3276 1925 3399 1975 anni
3428 1923 3554 1975 duo.
3582 1923 3647 1976 Et

2067 2006 2095 2043 a
2130 1991 2427 2043 Domitiano
2458 2005 2621 2059 usque
2648 1992 2710 2041 ad
2741 1988 2965 2042 Nervam
2995 1991 3113 2042 anni
3152 2006 3253 2044 χνι.
3282 1994 3325 2044 A
3360 1991 3525 2045 Nerva
3557 2009 3644 2046 ns-

2070 2076 2171 2129 que
2201 2060 2266 2113 ad
2299 2060 2579 2128 Trajanum
2610 2060 2667 2111 lit
2693 2074 2861 2111 anuus
2894 2074 2930 2112 ι.
2973 2063 3013 2112 A
3054 2060 3282 2127 Traiano
3311 2062 3523 2128 quidem
3553 2078 3638 2116 us-

2067 2147 2169 2199 que
2209 2132 2272 2183 ad
2322 2132 2609 2184 Adriauum
2656 2129 2779 2181 anni
2829 2144 2962 2201 xtttt.
2995 2129 3076 2201 Arb
3122 2130 3354 2183 Adriano
3386 2147 3553 2201 usque
3576 2134 3641 2187 ad

2067 2203 2392 2255 Antoninum
2438 2200 2568 2253 liunt
2594 2202 2717 2251 anni
2752 2214 2857 2252 χχι.
2905 2200 2967 2251 Et
2995 2200 3063 2252 ab
3090 2201 3357 2254 Anonino
3388 2218 3553 2269 usque
3577 2204 3647 2255 ad

2070 2272 2192 2341 item
2222 2271 2687 2341 Antuniuunianui
2715 2284 2863 2321 xxiii.
2890 2270 2969 2323 Ab
2991 2270 3258 2341 Antonino
3280 2282 3453 2341 autem
3478 2288 3645 2341 usque

2066 2345 2131 2393 ad
2161 2340 2509 2395 Commodum
2533 2338 2665 2392 ﬁunt
2690 2342 2813 2391 anni
2843 2355 2951 2392 χιχ.
2983 2339 3027 2393 A
3066 2340 3357 2393 Commodo
3383 2344 3522 2395 enim
3556 2338 3647 2395 us-

2068 2425 2172 2478 que
2195 2414 2258 2463 ad
2290 2411 2529 2463 llclvium
2562 2409 2890 2463 Pettinaceni
2923 2410 3046 2462 anni
3079 2425 3191 2461 χιιι.
3241 2412 3305 2463 Et
3349 2411 3415 2465 de
3459 2414 3649 2465 llelvio

2070 2494 2235 2547 usque
2272 2483 2336 2532 ad
2382 2481 2636 2533 Severum
2667 2482 2723 2531 ιιι
2746 2494 2919 2531 annus
2946 2494 2982 2533 ι.
3034 2482 3073 2532 Α
3127 2478 3327 2534 Severo
3375 2497 3538 2549 usque
3575 2484 3642 2535 ad

2068 2552 2392 2603 Antoninum
2414 2549 2737 2603 Caracallam
2764 2558 2889 2601 sunt
2916 2552 3037 2602 anni
3078 2565 3225 2603 xuii.
3262 2550 3341 2603 Ab
3368 2551 3641 2605 Antonino

2068 2620 2335 2674 Caiacalla
2374 2633 2538 2688 usque
2576 2618 2642 2671 ad
2682 2619 2974 2672 Macrinuin
3014 2619 3139 2672 anni
3186 2635 3275 2671 vn.
3320 2620 3364 2672 A
3405 2621 3644 2676 Macrino

2072 2703 2196 2744 vero
2228 2704 2393 2758 usque
2421 2691 2487 2743 ad
2542 2689 2816 2741 Aurelium
2852 2690 2909 2741 tit
2937 2703 3109 2743 anuus
3141 2703 3178 2741 1.
3221 2689 3286 2743 Et
3328 2695 3392 2743 de
3420 2691 3640 2745 Aurelio

2070 2775 2235 2827 usque
2265 2763 2331 2813 ad
2358 2758 2717 2813 Alexandrum
2748 2758 2875 2811 anni
2915 2772 2990 2811 iv.
3028 2760 3111 2811 Ab
3152 2760 3437 2813 Alexandro
3465 2775 3636 2828 usque

2069 2830 2136 2883 ad
2167 2828 2507 2898 Maximinum
2541 2830 2670 2880 liunt
2706 2828 2829 2880 anni
2862 2843 2915 2880 xt
2943 2842 2978 2880 ι.
3031 2830 3073 2881 A
3119 2828 3392 2882 Maximino
3419 2844 3633 2898 quoque

2070 2914 2236 2967 usque
2262 2900 2327 2951 ad
2358 2896 2681 2952 Gordianuui
2705 2899 2828 2951 anni
2862 2912 2939 2951 ιιι.
2981 2902 3021 2951 A
3067 2898 3332 2951 Gordiano
3378 2896 3637 2965 usquead

2071 2968 2372 3037 Philippum
2402 2969 2527 3021 anni
2559 2982 2653 3020 \‘ll.
2702 2968 2764 3021 Et
2800 2982 2829 3021 a
2861 2968 3104 3037 Philippo
3135 2982 3301 3036 usque
3328 2970 3393 3020 ad
3424 2969 3642 3021 Decium

2070 3041 2194 3092 anni
2225 3052 2315 3093 vti.
2358 3041 2404 3092 A
2449 3038 2611 3092 Decio
2649 3050 2817 3104 usque
2858 3038 2923 3090 ad
2970 3036 3303 3090 Valerianum
3335 3039 3453 3090 anni
3482 3052 3557 3089 ιιι.
3591 3041 3639 3093 Δ

2078 3110 2354 3163 Valeriano
2403 3122 2569 3175 usque
2614 3107 2680 3160 ad
2727 3107 3003 3160 Claudium
3048 3108 3172 3160 anni
3210 3121 3300 3158 xv.
3347 3109 3391 3159 A
3424 3107 3645 3163 Claudio

2076 3183 2216 3233 enim
2249 3192 2411 3247 usque
2434 3181 2499 3230 ad
2529 3177 2867 3230 Aurelianum
2895 3177 3015 3229 anni
3042 3192 3102 3247 ιι.
3135 3176 3212 3247 Ab
3241 3176 3528 3230 Aureliano
3556 3194 3646 3231 ns-

2076 3264 2179 3317 que
2209 3248 2274 3301 ad
2300 3246 2531 3301 Probum
2560 3247 2690 3317 liunt
2716 3248 2839 3299 anni
2870 3261 2939 3299 γι.
2968 3248 3012 3300 A
3040 3246 3214 3299 Probo
3246 3260 3408 3313 usque
3437 3249 3503 3300 ad
3532 3248 3647 3299 Ca-

2075 3316 2192 3372 rum
2217 3318 2340 3370 anui
2367 3333 2417 3371 v.
2454 3318 2517 3370 Et
2543 3333 2571 3368 a
2598 3316 2733 3369 Caro
2761 3331 2925 3382 usque
2944 3317 3009 3369 ad
3036 3317 3415 3370 Diocletianum
3437 3317 3560 3370 anui
3584 3332 3646 3371 ιι.

2075 3392 2120 3443 A
2154 3388 2475 3442 Diocletiano
2505 3399 2631 3440 vero
2662 3399 2824 3454 usque
2853 3388 2918 3440 ad
2941 3385 3341 3439 Constantinum
3368 3389 3499 3439 liunt
3519 3390 3647 3442 anni

2076 3474 2166 3512 xx.
2197 3456 2274 3512 De
2301 3457 2648 3511 Constantino
2676 3470 2843 3523 usque
2867 3456 2935 3508 ad
2959 3458 3322 3510 Constantium
3365 3457 3487 3509 anni
3534 3472 3646 3513 χιι.

2076 3532 2121 3583 A
2156 3527 2464 3581 Constantio
2494 3539 2661 3592 usque
2688 3529 2751 3578 ad
2774 3525 3037 3579 lulianum
3070 3529 3192 3579 anui
3222 3539 3366 3579 xxiv.
3402 3528 3466 3579 Et
3492 3542 3522 3579 δ
3548 3526 3647 3580 Ju-

2076 3600 2218 3653 liauo
2243 3611 2409 3677 usque
2433 3596 2499 3675 ad
2520 3595 2797 3677 Jovianuni
2827 3598 2947 3648 anni
2979 3611 3035 3649 ιι.
3075 3597 3121 3648 A
3146 3595 3370 3677 Joviano
3398 3610 3532 3677 ergo.
3555 3612 3649 3651 us-

2075 3684 2175 3736 que
2202 3667 2268 3721 ad
2296 3665 2719 3736 Valentinianum
2765 3666 2823 3718 lit
2867 3680 3038 3720 annus
3078 3681 3114 3719 ι.
3164 3665 3238 3719 De
3274 3665 3646 3720 Valentiniano

2078 3734 2242 3806 usque
2271 3737 2336 3789 ad
2370 3734 2641 3789 Valentem
2671 3736 2795 3806 anni
2834 3751 2904 3789 xi.
2948 3738 3106 3806 Elite
3141 3736 3358 3789 Valente
3388 3751 3554 3805 usque
3582 3738 3647 3790 ad

2076 3805 2431 3862 Theodosium
2459 3806 2581 3859 anni
2609 3820 2679 3858 tv.
2706 3808 2747 3858 A
2780 3805 3079 3860 Theodosio
3106 3821 3229 3859 vero
3260 3820 3424 3874 usque
3451 3809 3514 3858 ad
3544 3811 3647 3859 Ar-

2075 3878 2319 3930 chadium
2341 3875 2465 3929 anni
2493 3891 2656 3929 xxvn.
2676 3875 2756 3928 Ab
2783 3876 3046 3929 Arcbadio
3073 3890 3240 3943 usque
3263 3875 3327 3928 ad
3355 3877 3649 3930 llonorium

2075 3950 2197 4001 anni
2228 3961 2340 3999 xiii.
2368 3947 2451 3999 Ab
2481 3946 2713 3999 llonorio
2738 3960 2905 4013 usque
2929 3946 2993 3998 ad
3015 3944 3369 4000 Theodosium
3398 3949 3515 3998 anni
3554 3961 3649 4001 xv.

2080 4022 2124 4069 A
2152 4017 2452 4070 Theodosio
2501 4029 2666 4084 usque
2709 4016 2775 4067 ad
2824 4015 3139 4069 Martianum
3183 4017 3304 4069 anui
3342 4029 3480 4068 xxvi.
3515 4016 3586 4069 Et
3613 4031 3647 4069 a

2077 4088 2334 4139 Martiano
2373 4100 2539 4153 usque
2584 4087 2650 4137 ad
2683 4087 2912 4140 Leonem
2955 4085 3078 4139 anui
3116 4100 3187 4139 ιιι.
3222 4087 3265 4140 A
3307 4086 3483 4139 Leuiie
3513 4101 3647 4139 veto

2080 4172 2245 4225 usque
2268 4158 2334 4208 ad
2358 4157 2486 4208 item
2512 4154 2742 4209 Leonem
2764 4157 2887 4208 anni
2914 4170 3040 4225 xvii.
3072 4156 3198 4209 ltem
3223 4172 3251 4206 a
3276 4153 3451 4209 Leone
3477 4170 3651 4222 usque

2080 4228 2146 4279 ad
2164 4224 2406 4281 "Leonem
2440 4226 2496 4277 lit
2515 4240 2685 4279 annus
2714 4240 2752 4279 t.
2786 4225 2849 4278 Et
2875 4225 2941 4279 de
2970 4224 3183 4279 Zenone
3208 4238 3369 4290 usque
3395 4224 3461 4276 ad
3491 4227 3646 4277 Ana—

2083 4299 2303 4349 stasium
2334 4296 2465 4348 liunt
2493 4295 2619 4347 anni
2650 4308 2759 4347 xvi.
2796 4296 2875 4349 Ab
2900 4296 3186 4349 Anastasio
3217 4309 3345 4349 vero
3379 4307 3546 4362 uSque
3576 4295 3646 4348 ad

2077 4364 2339 4419 Justinuin
2379 4375 2504 4419 sunt
2527 4364 2651 4417 anni
2684 4379 2846 4418 xxvu.
2879 4367 2941 4419 Et
2971 4380 2999 4417 δ
3023 4365 3234 4420 Justino
3265 4380 3429 4432 usque
3459 4365 3521 4415 ad
3550 4366 3648 4417 Ju-

2079 4438 2363 4489 stiuiauuut
2388 4434 2513 4489 anni
2540 4450 2611 4488 tx.
2640 4434 2768 4489 Item
2797 4450 2826 4487 a
2858 4435 3154 4489 Justiniano
3185 4450 3350 4503 usque
3378 4435 3440 4487 ad
3470 4434 3645 4487 Justi-

413 4518 589 4557 merus
609 4513 808 4572 quarta:
833 4503 1007 4556 aetatis
1043 4504 1320 4572 continens
1348 4519 1514 4557 annos
1539 4518 1894 4568 cecatxxxut,
1926 4515 1977 4559 et
2008 4506 2058 4567 Ι)
2085 4521 2210 4559 num
2239 4517 2361 4559 sunt
2389 4509 2508 4559 anni
2540 4521 2721 4559 xxxix.
2753 4503 2882 4559 ltein
2912 4519 2940 4557 a
2968 4505 3176 4560 Justino
3207 4519 3374 4572 usque
3399 4504 3461 4556 ad
3488 4504 3649 4558 libe-

414 4574 535 4627 anni
564 4571 786 4643 quatuor
812 4580 1026 4627 aetatum
1054 4571 1184 4625 liunt
1211 4587 1267 4626 ιιι
1295 4588 1330 4626 ιι
1358 4588 1600 4628 eccum.

942 4684 1144 4741 ETAS
1188 4685 1460 4753 QUINTA.

482 4801 621 4855 Sunt
648 4797 772 4853 anni
801 4797 1200 4869 quintaatetatis
1226 4812 1392 4866 usque
1426 4798 1489 4851 ad
1530 4800 1722 4869 Cyrum
1766 4814 1894 4852 xxx.
1936 4800 1981 4854 A

415 4871 556 4939 Cyro
578 4883 741 4939 usque
770 4873 835 4922 ad
872 4868 1171 4939 Cambisetn
1196 4879 1319 4939 sunt
1348 4869 1469 4922 anni
1497 4868 1628 4922 χιχ.
1663 4872 1703 4922 A
1735 4869 1983 4939 Canibise

419 4936 586 5009 usque
612 4938 677 4993 ad
709 4938 921 4992 Darium
952 4938 1076 4992 anni
1107 4953 1183 4990 ix.
1215 4938 1258 4989 A
1282 4937 1442 5009 Dario
1483 4954 1648 5006 usque
1668 4939 1733 4993 ad
1764 4936 1981 4992 Xersem

419 5008 541 5062 auiti
572 5024 731 5063 xxxv.
763 5008 809 5062 A
840 5010 1005 5062 Xerse
1034 5022 1200 5076 usque
1229 5008 1293 5060 ad
1326 5009 1670 5062 Artaxersem
1700 5019 1822 5062 sunt
1859 5010 1983 5062 anni

421 5094 526 5134 xxi.
554 5079 619 5132 Et
644 5079 711 5132 de
738 5079 1021 5133 Artaxerse
1050 5093 1214 5145 usque
1250 5078 1313 5130 ad
1356 5078 1568 5131 Darium
1597 5088 1720 5132 sunt
1745 5079 1864 5130 anni
1896 5094 1982 5131 χι.

419 5154 461 5204 Α
497 5149 652 5202 Dario
695 5162 862 5217 usque
897 5148 963 5200 ad
1002 5149 1127 5202 item
1158 5152 1494 5203 Artaxersem
1535 5158 1659 5202 sunt
1686 5146 1810 5200 anni
1837 5161 1978 5201 xvm.

418 5220 500 5275 Ab
529 5216 813 5272 Artaxerxe
840 5227 1015 5271 autem
1040 5233 1207 5286 usque
1235 5216 1299 5270 ad
1332 5217 1455 5272 item
1484 5218 1821 5272 Artaxersem
1854 5218 1987 5271 liunt

420 5289 542 5341 anni
567 5302 653 5341 χι.
686 5286 751 5339 Et
777 5286 842 5340 ab
872 5290 1156 5341 Artaxerse
1196 5301 1359 5353 usque
1395 5288 1460 5341 ad
1490 5288 1657 5341 Arsen
1687 5288 1809 5339 anni
1840 5302 1983 5341 xth.

420 5360 500 5415 Ab
525 5357 657 5412 Arse
679 5370 805 5410 vero
824 5356 889 5409 ad
916 5355 1129 5411 Darium
1164 5358 1294 5411 liunt
1313 5358 1438 5410 anui
1466 5371 1535 5410 tv.
1562 5357 1607 5409 A
1631 5356 1783 5409 Dario
1808 5365 1983 5410 autem

423 5444 589 5495 usque
620 5426 685 5480 ad
715 5425 1069 5480 Alexandrum
1118 5436 1242 5480 sunt
1288 5427 1410 5480 anni
1441 5442 1513 5479 vt.
1563 5427 1644 5479 Ab
1687 5425 1986 5480 Alexandro

419 5500 560 5552 enim
594 5510 763 5565 usque
785 5497 851 5550 ad
877 5495 1241 5550 Tbolomteum
1274 5507 1397 5550 sunt
1428 5497 1550 5549 anni
1582 5512 1631 5548 v.
1667 5496 1729 5548 Et
1758 5496 1823 5549 de
1847 5496 1987 5549 Tbo-

422 5570 609 5620 lunueo
649 5581 811 5635 usque
837 5566 902 5619 ad
933 5566 1329 5633 Philadelphum
1364 5567 1496 5619 liunt
1522 5570 1642 5618 anui
1675 5581 1760 5620 χι..
1791 5566 1833 5616 Λ
1867 5565 1987 5618 l'hi-

422 5639 665 5707 ladelpho
691 5651 856 5703 usque
886 5637 951 5687 ad
983 5637 1296 5707 Evergetetn
1343 5641 1471 5689 liunt
1511 5638 1631 5689 anni
1662 5650 1878 5688 xxxvm.
1909 5638 1988 5707 Ab

427 5703 683 5773 Evergete
722 5715 896 5757 autem
947 5703 1206 5773 usque'ad
1247 5706 1639 5772 Philopatorem
1688 5707 1818 5759 liunt
1863 5706 1985 5757 anni

427 5783 564 5824 )n‘l.
599 5776 638 5825 A
667 5772 997 5841 l'tnlupatorc
1023 5777 1165 5831 enim
1208 5789 1375 5846 uSqne
1404 5774 1472 5833 ad
1511 5774 1838 5845 Epipbaucm
1868 5784 2007 5857 sunt,

2082 4592 2219 4631 rium
2259 4576 2383 4629 anni
2422 4590 2537 4628 χιιι.
2570 4578 2613 4628 A
2644 4577 2858 4629 Tiberio
2886 4589 3052 4643 usque
3079 4577 3143 4627 ad
3172 4574 3482 4627 Mauricium
3514 4577 3652 4629 liunt

2082 4648 2205 4702 anni
2232 4661 2303 4699 tv.
2334 4653 2372 4698 A
2404 4646 2649 4716 Mauricio
2693 4659 2859 4716 usque
2889 4648 2956 4698 ad
2994 4644 3187 4698 Focam
3235 4654 3359 4716 sunt
3394 4643 3514 4716 anni
3548 4660 3645 4716 χχ.

2083 4721 2127 4772 A
2158 4717 2295 4771 Foca
2338 4731 2504 4785 usque
2545 4715 2612 4769 ad
2640 4714 2950 4772 Heracleum
2990 4718 3113 4785 anni
3143 4728 3252 4767 vtn.
3282 4714 3363 4768 Ab
3394 4714 3652 4785 lleracleo

2085 4803 2251 4855 usque
2278 4789 2340 4840 ad
2370 4783 2779 4855 Constantinum
2816 4795 2940 4839 sunt
2981 4784 3108 4838 anni
3144 4800 3269 4840 xxx.
3304 4789 3348 4839 A
3378 4783 3653 4837 Constan-

2085 4854 2196 4911 tino
2246 4866 2394 4923 patre
2439 4870 2603 4923 usque
2646 4858 2708 4907 ad
2755 4854 3163 4909 Constantinum
3204 4857 3367 4908 lilium
3416 4869 3551 4907 unus
3590 4857 3653 4907 lit

2083 4942 2276 4982 annus.
2310 4929 2436 4979 Item
2483 4942 2513 4977 a
2560 4927 2903 4978 Constantino
2936 4941 3101 4993 usque
3142 4925 3209 4977 ad
3239 4926 3650 4993 Constantinum

2085 5006 2210 5050 sunt
2235 4998 2358 5050 anni
2387 5009 2546 5048 xxvii.
2580 4993 2647 5047 Et
2678 5010 2706 5046 a
2734 4992 3079 5048 Constantino
3112 5009 3276 5063 usque
3302 4998 3367 5046 ad
3394 4992 3651 5049 JuStinia-

2086 5082 2211 5121 num
2237 5082 2356 5118 aunt
2388 5079 2517 5117 xvu.
2549 5068 2590 5117 A
2621 5064 2911 5117 Justiniano
2936 5081 3102 5133 usque
3127 5068 3193 5117 ad
3234 5065 3509 5133 Pippinum
3540 5065 3652 5119 Se-

2086 5140 2289 5191 niureni
2337 5144 2459 5187 sunt
2499 5132 2623 5186 anui
2670 5148 2726 5186 ιι.
2776 5134 2821 5187 A
2870 5132 3091 5204 Pippino
3128 5136 3347 5204 Seniore
3385 5148 3553 5202 usque
3582 5136 3651 5186 ad

2085 5209 2297 5260 Carioni
2328 5206 2448 5257 anni
2480 5218 2641 5255 xxvii.
2685 5207 2726 5255 A
2771 5203 3116 5274 Caulonaque
3152 5205 3216 5257 ad
3249 5203 3545 5271 Pippinum,
3595 5217 3656 5259 et

2085 5279 2151 5331 ad
2176 5277 2582 5331 Carlomannum
2610 5278 2732 5326 anui
2766 5289 2928 5327 xxvn.
2979 5276 3044 5328 Et
3070 5291 3099 5327 δ
3141 5274 3364 5342 Pippino
3388 5283 3442 5327 et
3467 5274 3656 5327 Carlo-

2089 5362 2281 5400 manno
2312 5360 2478 5413 ustpie
2504 5346 2627 5396 dum
2658 5343 2908 5412 l'ippinus
2934 5359 3024 5398 rex
3051 5346 3371 5399 constitutus
3390 5354 3493 5407 est,
3516 5346 3657 5398 liunt

2086 5419 2210 5470 anni
2245 5432 2297 5468 x.
2329 5414 2375 5467 A
2408 5416 2626 5482 l'ippino
2656 5429 2781 5466 vero
2811 5430 2977 5483 usque
3017 5415 3079 5469 ad
3118 5416 3330 5468 Carlum
3378 5422 3432 5467 et
3467 5415 3649 5467 Carlo-

2088 5501 2337 5541 manuum
2370 5488 2491 5536 anni
2524 5498 2650 5535 xvii.
2682 5486 2741 5535 lit
2764 5501 2790 5533 a
2820 5485 2978 5538 Cario
3017 5493 3072 5539 et
3103 5486 3458 5541 Carlomanuo
3482 5498 3657 5553 usque

2089 5563 2154 5609 ad
2185 5556 2399 5610 Carlutn
2424 5557 2555 5605 liunt
2576 5569 2699 5604 anm
2725 5567 2794 5605 tv.
2820 5554 2886 5607 Et
2907 5557 3028 5609 inde
3053 5560 3279 5610 domnus
3299 5556 3484 5608 Carius
3503 5558 3655 5608 solus

2091 5642 2312 5694 regnum
2342 5627 2594 5691 suscepit,
2625 5635 2677 5676 et
2711 5622 2816 5675 Deo
2860 5641 2953 5691 pio
2977 5639 3163 5693 egente
3187 5630 3452 5694 gubernat
3485 5642 3655 5688 usque

2092 5706 2143 5751 in
2178 5705 2492 5767 praesentem
2522 5707 2715 5767 annum
2761 5695 3001 5767 lelicitpr,
3050 5696 3139 5759 qui
3178 5706 3260 5750 est
3288 5710 3458 5748 annus
3502 5710 3653 5761 regni

2090 5762 2203 5840 ejus
2226 5781 2353 5833 χιιι,
2382 5762 2585 5833 unpciii
2607 5774 2780 5818 autem
2802 5776 2875 5819 ιι.
2900 5765 3031 5823 Sunt
3052 5774 3228 5823 autem
3254 5768 3410 5822 totius
3426 5780 3657 5821 summa:
