4054 6190
322 306 458 369 1179

320 431 541 484 Ἰιοὺῑιιηι
593 427 769 482 Saneti
822 426 961 478 l‘auli
992 468 1007 491 ,

332 508 429 553 iet.
465 500 530 552 Et
557 501 608 551 in
642 499 753 565 ipso
782 512 919 549 anno
945 488 1171 563 perrexit
1217 493 1266 545 in
1298 491 1546 554 Saxonia,
1602 496 1656 542 et
1681 488 1873 543 ibidem

327 568 590 623 hiemavit.

401 652 679 692 nccxcvut.
727 633 912 688 Carlns
962 634 1011 685 in
1063 630 1285 685 Saxonia
1336 628 1625 686 hiemavit.
1670 635 1719 677 et
1769 634 1876 679 tnta

330 717 512 759 aetate
543 706 732 758 itiidem
783 707 893 766 l'nit,
940 713 993 755 et
1022 701 1252 764 hospites
1292 700 1595 762 capitaucos
1643 696 1785 750 mille
1816 711 1877 749 nc

330 777 450 829 inde
473 776 705 839 adduxit,
736 784 789 828 et
817 789 907 838 per
939 771 1208 825 Franciam
1237 768 1434 822 divisit.

401 860 639 899 premis.
692 836 909 896 Romani
958 856 1050 907 per
1093 838 1347 907 invidiam
1387 836 1876 907 condemnaverunt

328 930 512 980 papam
546 916 794 976 LeOueni,
844 924 895 965 et
919 904 1031 971 ipse
1081 910 1188 961 Leo
1234 905 1375 980 venit
1417 907 1479 980 ad
1529 905 1775 957 Carolum
1826 904 1877 956 in

330 976 624 1046 Fi-anciam,
657 992 708 1036 et
738 983 847 1048 ipse
876 980 1104 1034 restituit
1129 994 1245 1029 eum
1270 976 1322 1028 in
1353 977 1477 1027 sede
1506 990 1620 1048 sua.

400 1067 546 1107 accc.
596 1044 779 1104 Carlns
823 1065 908 1103 rex
964 1050 1058 1101 l‘uit
1105 1048 1168 1099 ad
1223 1060 1368 1099 mare
1414 1056 1464 1095 ut
1519 1044 1778 1111 piscaret,
1826 1050 1879 1095 el

328 1122 634 1187 l.eulgaudis
664 1121 839 1187 regina
869 1120 1017 1180 obiit,
1066 1128 1119 1171 et
1147 1118 1232 1169 ille
1262 1115 1491 1187 perrexit
1536 1114 1601 1165 ad
1633 1113 1879 1187 libratum,

322 1202 379 1243 et
410 1179 1013 1259 pa‘cilicat'it'ltomanos
1063 1198 1115 1239 et
1160 1179 1345 1254 papam
1383 1184 1637 1247 Leonem,
1687 1193 1740 1236 et
1768 1179 1878 1235 Leo

326 1261 588 1313 benedixit
617 1275 734 1311 eum
764 1261 827 1312 ad
858 1260 1248 1324 imperaIOrem.

394 1344 562 1384 nocet.
596 1331 777 1381 Carius
808 1320 1091 1394 imperator
1120 1341 1148 1376 a
1180 1325 1344 1377 Roma
1388 1322 1597 1375 rediens
1620 1320 1687 1394 ad
1716 1320 1879 1394 Aquis

331 1400 582 1451 l‘alatinm
616 1391 918 1457 revertitur,
961 1407 1011 1448 et
1045 1396 1093 1447 in
1127 1396 1240 1463 ipso
1269 1409 1408 1445 anno
1452 1391 1691 1446 Saraciui
1734 1392 1880 1444 exie-

330 1478 449 1521 runt
480 1468 637 1531 foras,
667 1478 718 1519 et
743 1484 768 1517 a
804 1465 1019 1518 Francis
1053 1464 1312 1515 interfecti
1340 1471 1484 1515 sunt.

397 1552 587 1591 occcu.
620 1529 802 1589 Carlus
831 1537 954 1601 imp.
1004 1535 1068 1585 ad
1114 1533 1276 1599 Aquis
1309 1532 1565 1584 Palatium
1596 1529 1881 1601 concilium

330 1607 529 1665 habuit,
562 1615 616 1658 ut
642 1607 693 1658 ei
726 1600 917 1657 omnes
938 1606 1257 1669 gereraliter
1286 1603 1591 1655 ﬁdelitatem
1615 1600 1880 1667 iurarent,

324 1675 588 1737 n.0iiachi,
622 1676 894 1739 canonici;
927 1677 995 1726 ita
1025 1683 1078 1726 et
1102 1674 1359 1727 fecerunt.

392 1759 598 1798 DCCCIII.

396 1760 537 1797 DCCC!
584 1783 598 1797 .

396 1760 593 1867 ncccnlv'.
640 1811 822 1865 Carius
870 1816 998 1879 imp.
1048 1827 1165 1864 cum
1197 1809 1380 1865 liberis
1418 1809 1527 1865 suis
1563 1817 1617 1862 et
1663 1806 1883 1879 Francis

323 1881 555 1934 Saxnuia
586 1882 859 1938 ineressus
884 1877 985 1947 est,
1033 1890 1088 1936 et
1114 1882 1320 1950 aliquos
1345 1879 1505 1948 jussit
1551 1877 1880 1944 interﬁcere,

1238 304 1339 364 AD
1379 299 1817 363 MARTY-ROL.
1858 297 2100 358 BEDIE.
2143 296 2638 357 APPENDICES.

1065 423 1292 490 qualiter
1329 420 1651 475 constituere
1702 418 1869 490 debe-
1904 420 1945 476 Α
1978 425 2033 490 et
2058 417 2264 484 aliquos
2291 432 2389 490 per
2433 426 2618 490 tolum_
2645 427 2798 490 statim
2852 427 3073 490 regnum
3123 410 3453 479 dispergere,
3496 423 3554 465 et

1982 487 2090 540 Leo
2126 482 2255 554 papa
2290 487 2477 537 iterum
2504 485 2650 537 venit
2676 484 2725 533 in
2760 482 2999 554 Francia.

3425 288 3567 355 1130

2054 545 2238 610 Dccov.
2272 556 2453 606 Carius
2496 555 2622 619 imp.
2670 549 2960 603 transmisit
2992 551 3152 603 lilium
3202 563 3354 603 Suum
3384 545 3555 604 Κπο-

1984 626 2090 679 lum
2123 642 2240 679 cum
2269 626 2505 677 exercitu
2535 624 2584 676 in
2616 620 2963 676 Weuedonia.

2053 710 2257 748 ncccvt.
2287 694 2474 747 Carlus
2522 694 2651 760 imp.
2700 691 2877 744 divisit
2928 704 3150 759 regnum
3202 703 3357 741 suum
3408 690 3548 741 inter

1984 763 2114 815 filios
2144 779 2289 817 suos.

2054 849 2277 887 DCCCVII.
2311 832 2531 886 Karolns
2554 834 2682 893 imp.
2714 830 2966 899 placitum
3001 828 3181 881 Itabnit
3206 826 3271 881 ad
3287 826 3546 881 Conmem

1982 917 2101 956 cum
2135 902 2369 962 Francis,
2421 914 2473 957 et
2518 903 2592 955 illi
2626 901 2884 955 dederunt
2925 900 3061 953 dona
3101 913 3219 962 sua,
3266 899 3548 952 etreve-si

1984 982 2106 1025 sunt
2138 972 2199 1024 ad
2236 972 2464 1040 propria.
2833 1038 2871 1040 Η
3204 998 3213 1003 -

2056 1038 2292 1097 DCCCVlll.
2328 1040 2655 1095 Goilel'redns
2693 1054 2788 1093 rex
2830 1038 3214 1092 Normanorum
3244 1051 3364 1089 cum
3395 1051 3547 1089 errr-

1982 1112 2089 1165 citu
2120 1113 2259 1163 venit
2292 1115 2343 1163 in
2375 1109 2720 1173 Wenedonia,
2756 1119 2813 1162 et
2850 1107 3075 1163 Carolus
3100 1108 3225 1172 imp.
3252 1107 3546 1161 transmisit

1987 1182 2149 1234 lilium
2178 1197 2329 1233 suum
2360 1184 2597 1233 (Iarolnm
2630 1192 2810 1232 contra
2841 1194 2984 1241 eum,
3016 1189 3070 1230 nt
3093 1186 3370 1232 reSisteret
3397 1178 3466 1238 ei,
3489 1185 3543 1227 et

1988 1253 2075 1305 ille
2106 1266 2347 1303 reversus
2376 1262 2455 1303 est
2474 1250 2529 1303 in
2562 1258 2774 1303 terrain.

2056 1335 2258 1374 nccerx.
2317 1320 2425 1372 lloc
2452 1336 2589 1371 anno
2630 1320 2730 1373 luit
2777 1318 3047 1370 inundatio
3096 1331 3354 1384 aquarum
3401 1312 3543 1374 talis,

1984 1392 2155 1459 qualis
2181 1399 2332 1443 antra
2378 1405 2640 1457 nunqttam
2668 1390 2765 1441 fuit
2796 1388 2845 1440 in
2872 1398 3011 1439 terra
3062 1391 3158 1439 lsi:
3192 1389 3323 1459 visa.
3370 1394 3425 1459 et
3455 1385 3549 1434 luit

1990 1457 2019 1510 v
2054 1459 2156 1511 kal.
2189 1461 2401 1513 Januar.
2446 1460 2726 1513 altissima.
2777 1459 2837 1511 Et
2861 1459 2909 1509 in
2944 1460 3041 1510 hoc
3070 1472 3207 1509 anno
3242 1457 3336 1508 fuit
3370 1458 3546 1507 eleva-

1982 1538 2095 1583 tum
2154 1531 2450 1597 sepulcrum
2509 1529 2673 1581 sancti
2730 1530 2950 1580 Amandi
3003 1526 3236 1593 episcopi
3293 1539 3379 1597 uti
3435 1521 3543 1597 Ital.

1986 1591 2233 1719 Gemino,
2271 1608 2324 1652 et
2370 1601 2667 1652 restitutum
2717 1598 2767 1650 in
2815 1598 2983 1650 locum
3037 1591 3248 1650 suum}
3292 1595 3395 1649 kal.
3442 1591 3551 1644 Νο-

1986 1683 2190 1719 νυιηπ.

1986 1683 2049 1720 νυ
2056 1684 2103 1719 m
2112 1683 2139 1719 ll
2146 1684 2190 1719 Γ.

2062 1753 2244 1791 occcx.
2279 1736 2500 1791 Carolus
2530 1737 2654 1805 imp.
2688 1752 2806 1791 cum
2835 1739 3070 1790 exercitu
3088 1736 3401 1805 Francorum
3427 1744 3548 1805 per-

1992 1808 2130 1860 rexit
2153 1807 2493 1874 inSt-xenia,
2539 1797 2692 1861 et'ibi
2725 1807 2974 1874 placitum
3010 1806 3188 1858 habuit
3236 1807 3287 1859 in
3330 1797 3555 1864 Feteda,

1990 1884 2046 1930 et
2073 1876 2144 1929 ibi
2174 1873 2395 1929 Weredi
2430 1886 2706 1942 venerunt,
2729 1873 2786 1931 et
2811 1876 2959 1930 dedit
2987 1876 3086 1929 illis
3118 1890 3318 1944 regem.

2600 2013 3486 2046 ==========

336 2021 2742 2052 τρὶ-ΞΜ

322 2036 465 2057 ’-

838 2216 1121 2392 DE
1296 2213 1975 2397 LOCIS-
2124 2205 3021 2390 SANCTIS

1605 2532 2247 2631 LIBELLUS.

527 2734 753 2808 QUEM
814 2732 918 2796 DE
978 2730 1410 2794 OPUSCULIS
1479 2725 1866 2791 MAIORUM
1919 2723 2499 2786 ABBREVIANDO
2563 2724 2779 2784 BEDA
2850 2724 3315 2787 COMPOSUI'I‘.

846 2902 939 2967 (Ex
966 2900 1189 2953 editione
1232 2902 1292 2952 D.
1321 2899 1369 2951 J.
1416 2901 1479 2955 Λ.
1516 2899 1672 2963 Giles,
1723 2901 1851 2963 Opp.
1896 2910 2012 2948 ven.
2051 2896 2219 2957 Bedes,
2265 2900 2383 2947 tom.
2434 2894 2518 2955 IV,
2572 2891 2802 2955 Londini,
2850 2891 3013 2954 1815.)

608 3229 735 3285 Car.
780 3229 820 3280 ι.
844 3256 915 3267 --
951 3227 1022 3280 De
1061 3226 1165 3278 sim
1194 3222 1555 3277 Hierusalem.

370 3406 519 3461 Situs
574 3403 721 3458 urbis
772 3401 1108 3456 Hierusalem
1142 3414 1277 3465 pene
1314 3400 1366 3452 in
1415 3398 1600 3452 orbem
1646 3397 1883 3451 circum-

295 3512 475 3565 actus,
530 3513 636 3552 non
702 3512 869 3566 parvo
901 3508 1179 3548 murorum
1236 3491 1442 3545 ambitu
1470 3490 1731 3559 assurgit,
1768 3504 1880 3557 quo

298 3595 464 3647 etiam
499 3598 736 3646 montem
768 3590 897 3643 Sion
929 3592 1198 3657 quondam
1249 3585 1485 3639 vicinum
1528 3584 1667 3637 intra
1703 3598 1763 3637 se
1793 3596 1877 3635 re-

296 3687 455 3754 cipit,
494 3685 585 3754 qui
641 3700 669 3736 a
704 3682 929 3735 meridie
959 3681 1167 3750 positus
1215 3694 1309 3747 pro
1345 3691 1471 3731 arce
1512 3676 1627 3729 urbi
1663 3689 1881 3746 supere-

298 3780 485 3841 minet,
517 3785 573 3831 et
632 3775 803 3845 major
854 3788 977 3841 pars
1016 3771 1250 3825 civitatis
1281 3769 1420 3823 infra
1448 3778 1685 3823 montem
1709 3767 1875 3837 jacet,

298 3871 350 3922 in
390 3868 615 3938 planitie
681 3866 986 3921 buntilioris
1033 3863 1190 3918 collis
1230 3862 1352 3917 sita.
1411 3862 1540 3916 Post
1569 3861 1877 3930 passionem

296 3963 493 4031 quippe
535 3960 746 4015 Domini
781 3976 808 4012 a
849 3958 973 4012 Tito
998 3960 1329 4027 imperatore
1360 3956 1655 4020 destructa,
1682 3952 1776 4007 sed
1807 3952 1875 4006 ab

295 4053 440 4107 Ailio
464 4052 739 4105 Hadriano
766 4050 1001 4113 Cmsare,
1037 4064 1066 4102 a
1097 4064 1205 4117 quo
1232 4048 1395 4101 etiam
1426 4044 1571 4101 A‘Ilia
1607 4060 1747 4099 nunc
1780 4060 1878 4099 vo-

296 4154 472 4204 ratur,
498 4144 796 4196 instaurata
820 4142 1094 4210 multoque
1118 4140 1348 4209 amplior
1374 4137 1565 4192 eﬂ‘ccta
1594 4146 1696 4192 est.
1722 4137 1878 4192 Unde

293 4246 401 4301 est,
431 4235 573 4304 quod
609 4248 732 4288 cum
768 4233 1028 4287 Dominus
1057 4241 1211 4285 extra
1245 4238 1429 4299 portas
1475 4228 1624 4282 urbis
1681 4242 1875 4298 passus

296 4326 647 4394 sepultusque
675 4326 771 4388 sit,
801 4322 960 4376 modo
989 4323 1102 4375 loca
1129 4322 1400 4391 passionis
1438 4329 1493 4373 et
1519 4320 1877 4375 resurrectio-

292 4422 381 4473 nis
410 4419 551 4472 illius
581 4420 721 4471 intra
761 4416 1004 4486 ejusdem
1038 4415 1237 4468 moenia
1284 4424 1600 4477 cernantur,
1637 4411 1791 4481 cujus
1819 4410 1871 4464 in

300 4525 491 4578 magno
536 4524 814 4561 murorum
856 4508 1057 4560 ambitu
1109 4506 1382 4574 octoginta
1412 4517 1646 4575 quatuor
1671 4515 1868 4567 turres,

292 4614 467 4672 porta:
502 4618 630 4655 vero
652 4616 747 4655 sex
781 4601 1043 4653 visuntur.
1074 4598 1252 4651 l’riuia
1280 4607 1431 4666 porta
1482 4596 1647 4649 David
1683 4597 1749 4648 ad
1776 4611 1872 4650 oc-

290 4695 565 4748 cidentem
598 4694 796 4746 montis
823 4690 952 4745 Sion
987 4708 1002 4745 :
1035 4690 1271 4745 secunda
1306 4701 1460 4758 porta
1493 4690 1651 4743 vallis
1694 4689 1875 4744 Fullo-

291 4786 381 4839 nis
414 4803 429 4839 :
465 4787 625 4840 tertia
676 4796 828 4856 porta
891 4784 1075 4838 Sancti
1127 4782 1388 4853 Stephani
1420 4802 1433 4837 :
1468 4792 1660 4852 quarta
1713 4792 1870 4852 porta

294 4876 576 4944 Benjamiu
609 4894 623 4932 :
657 4878 839 4944 quinta
877 4876 1110 4945 portula,
1168 4876 1217 4927 id
1264 4884 1367 4940 est,
1413 4876 1637 4945 parvula
1694 4886 1871 4944 porta,

294 4970 363 5021 ab
390 4967 493 5023 hac
523 4984 619 5036 per
647 4970 843 5038 gradus
871 4969 938 5023 ad
958 4967 1152 5022 vallem
1186 4968 1450 5037 Josapliat
1486 4968 1868 5023 descenditur:

289 5070 447 5115 sexta
505 5069 657 5131 porta
718 5060 1017 5115 Thecnitis.
1066 5060 1408 5115 Celebrinres
1452 5070 1628 5116 tanien
1672 5075 1739 5115 ex
1786 5060 1873 5116 bis

292 5163 418 5207 sunt
443 5162 555 5207 tres
571 5154 750 5207 exitus
780 5166 1059 5221 portarum
1096 5172 1109 5207 :
1138 5168 1276 5207 unus
1311 5154 1524 5220 quidem
1558 5156 1625 5207 ab
1650 5168 1867 5218 occasu,

292 5246 433 5299 alius
459 5261 489 5300 a
523 5247 916 5315 septentrione,
960 5245 1151 5299 tertius
1181 5246 1248 5298 ab
1293 5245 1527 5298 oriente.
1562 5242 1609 5298 Α
1644 5243 1873 5298 meridie

293 5350 507 5405 autem,
539 5338 850 5409 aquilonale
875 5340 1077 5393 montis
1108 5338 1239 5393 Sion
1272 5337 1619 5408 supercilium
1642 5353 1871 5407 supere-

294 5432 468 5486 minet
492 5434 718 5497 civitati,
758 5443 810 5486 et
834 5447 894 5487 ea
930 5447 1056 5499 pars
1081 5446 1358 5484 murorum
1383 5446 1504 5484 cum
1530 5430 1871 5497 interpositis

291 5527 538 5579 turribus
570 5526 749 5582 nullas
784 5526 987 5579 habere
1027 5533 1215 5593 portas
1255 5526 1661 5594 comprobatur,
1689 5523 1741 5579 id
1765 5532 1867 5589 est,

292 5630 324 5666 a
353 5618 725 5685 suprascripta
773 5617 941 5671 David
990 5625 1169 5687 porta,
1204 5632 1375 5685 usque
1407 5617 1472 5671 ad
1509 5631 1629 5671 cant
1668 5616 1870 5670 montis

294 5704 430 5757 Sion
464 5706 721 5775 frontem,
759 5724 877 5779 qua:
923 5718 1200 5779 praerupta
1245 5725 1374 5780 rupe
1420 5708 1742 5765 orientalem
1782 5724 1869 5766 reo

1983 3218 2149 3289 spicit
2185 3218 2448 3287 plagam.-
2476 3216 2629 3269 Situs
2677 3216 2877 3285 quippe
2914 3214 3084 3285 ipsius
3119 3214 3268 3268 urbis
3299 3229 3329 3268 a
3367 3230 3565 3285 supcr-

1982 3312 2108 3367 cilio
2135 3309 2431 3378 aquilonali
2469 3310 2669 3363 montis
2702 3309 2833 3363 Sion
2871 3308 3160 3377 incipiens,
3200 3309 3272 3360 ita
3299 3315 3381 3360 est
3411 3307 3561 3360 molli

1976 3404 2125 3456 clivo
2156 3402 2483 3470 dispositus,
2518 3416 2688 3471 usque
2740 3401 2808 3455 ad
2841 3400 3134 3454 humiliora
3170 3400 3561 3468 aquilonalium

1982 3496 2446 3565 orientaliumqne
2474 3497 2588 3549 loca
2614 3509 2915 3554 murorum.
2964 3504 3021 3546 ut
3063 3492 3245 3561 pluvia
3287 3492 3361 3546 ibi
3412 3492 3566 3546 deci-

1982 3592 2118 3644 dens
2159 3604 2499 3659 nequaquam
2547 3598 2677 3650 5tet,
2730 3587 2825 3642 Sed
2889 3589 3059 3640 instar
3118 3586 3409 3641 ﬂuviorum
3463 3600 3566 3654 per

1980 3682 2278 3735 orientales
2298 3679 2546 3734 deﬂuens
2564 3688 2770 3748 portas.
2798 3679 3014 3733 cunctis
3036 3694 3225 3733 serum
3250 3678 3561 3747 platearum

1980 3772 2235 3828 sordibus
2261 3772 2452 3842 raptis,
2490 3768 2543 3825 in
2570 3770 2710 3825 valle
2725 3770 2990 3841 Josapltat
3012 3779 3313 3826 torrentem
3339 3769 3559 3824 Cedron

1982 3876 2160 3935 auget.

2050 4008 2180 4063 Car.
2207 4010 2272 4063 Il.
2296 4038 2366 4047 —
2388 4007 2464 4061 De
2497 4006 2624 4061 locis
2656 4005 2853 4061 sanctis
2882 4021 2999 4072 qua:
3027 4005 3081 4057 in
3110 4020 3171 4058 ea
3197 4004 3306 4057 sita
3344 4011 3483 4055 sunt.

2050 4144 2315 4216 Ingressis
2343 4159 2473 4215 ergo
2502 4158 2531 4197 a
2574 4139 2984 4211 septentrionali
3025 4148 3177 4209 parte
3208 4139 3415 4201 urbem,
3444 4136 3561 4206 pri-

1978 4254 2125 4293 mum
2173 4238 2240 4290 de
2296 4236 2427 4290 locis
2473 4235 2671 4289 sanctis
2728 4249 2829 4303 pro
2887 4232 3203 4287 conditione
3259 4230 3554 4298 platearum

1976 4331 2350 4385 tlivertenduin
2404 4336 2488 4381 est
2546 4327 2612 4379 ad
2674 4326 2957 4380 ecclesiam
3026 4322 3556 4386 Constantinianam,

1976 4440 2097 4493 qua:
2163 4422 2481 4493 Martyrium
2552 4419 2880 4490 appellatur.
2949 4416 3097 4471 lianc
3168 4416 3559 4471 Constantinus

1977 4516 2292 4585 imperator,
2333 4529 2398 4567 eo
2447 4514 2593 4584 quod
2649 4512 2721 4567 ibi
2776 4526 2910 4566 crux
2968 4509 3186 4563 Domini
3236 4509 3305 4564 ab
3354 4506 3557 4561 llelena

1976 4616 2150 4661 matre
2209 4617 2423 4673 reperta
2482 4606 2576 4669 sit,
2612 4602 2900 4674 magniﬁco
2955 4612 3009 4657 et
3060 4602 3211 4671 regio
3239 4601 3385 4654 cultu
3422 4612 3526 4652 con

1974 4701 2195 4755 struxit.
2228 4699 2431 4753 Dehinc
2459 4700 2527 4751 ab
2559 4712 2756 4752 occasu
2810 4695 3154 4763 Golgothana
3194 4694 3411 4747 videtur
3461 4706 3557 4745 ec-

1974 4792 2163 4855 clesia,
2197 4793 2247 4845 in
2277 4806 2381 4860 qua
2425 4792 2588 4843 etiam
2624 4802 2783 4858 rupes
2812 4796 3038 4857 apparet
3072 4785 3186 4849 illa,
3218 4800 3338 4853 qua:
3381 4799 3561 4853 quon-

1973 4882 2095 4936 dam
2130 4882 2320 4949 ipsam,
2352 4879 2510 4935 θωκο
2538 4880 2755 4934 Domini
2782 4893 3029 4949 corpore,
3052 4891 3149 4932 cru
3164 4891 3277 4933 cem
3309 4875 3552 4947 pertulit,

1975 4986 2282 5043 argenteam
2338 4972 2495 5027 modo
2550 4973 2903 5041 pergrandem
2976 4970 3253 5026 sustinens
3308 4981 3549 5031 erucem,

1975 5062 2243 5131 pendente
2274 5078 2463 5133 magna
2491 5064 2718 5132 desuper
2740 5078 2878 5117 aerea
2900 5073 3014 5117 rota
3039 5078 3160 5117 cum
3188 5058 3551 5129 lampadibus.

1973 5155 2115 5209 Infra
2148 5156 2325 5224 ipsum
2360 5170 2487 5208 vero
2516 5155 2692 5209 locum
2726 5154 3019 5209 Dominicte
3044 5155 3243 5216 crucis,
3278 5151 3460 5207 excisa
3500 5150 3553 5203 in

1975 5259 2127 5316 petra
2160 5257 2347 5319 crypta
2375 5257 2482 5311 est,
2514 5249 2568 5301 in
2604 5264 2708 5317 qua
2761 5263 2922 5315 super
2950 5247 3127 5300 altare
3158 5261 3252 5315 pro
3282 5242 3555 5299 defunctis

1977 5340 2256 5394 honoratis
2300 5341 2627 5394 sacriticinin
2683 5340 2815 5396 solet
2852 5340 3057 5404 oll'erri,
3110 5338 3302 5409 positis
3333 5338 3553 5391 interim

1975 5432 2026 5485 in
2076 5431 2251 5501 platea
2308 5434 2643 5502 corporibus.
2684 5432 2853 5501 Hujus
2900 5448 3117 5503 quoque
3177 5433 3244 5484 ad
3296 5444 3551 5487 occasum

1973 5524 2217 5580 ecclesia:
2268 5526 2573 5589 Anastasis,
2604 5527 2705 5581 lioc
2751 5534 2856 5591 est,
2895 5523 3318 5581 resurrectionis
3366 5521 3554 5577 Domi-

1973 5618 2108 5672 uicae
2165 5618 2394 5671 rotunda
2447 5619 2699 5682 ecclesia,
2759 5618 2928 5674 tribus
2989 5618 3167 5674 cincta
3228 5614 3549 5685 parietibus,

1974 5708 2253 5766 duodecim
2280 5710 2549 5767 columnis
2579 5721 2938 5779 sustentatur,
2972 5710 3115 5767 inter
3160 5709 3397 5781 parietes
3427 5707 3553 5762 sin-
