4022 6200
387 266 520 331 1181

375 384 531 452 gulos
562 382 728 435 latum
770 379 975 435 habens
1016 380 1250 449 spatium
1280 379 1400 441 vite,
1444 395 1565 448 qua:
1600 378 1704 431 tria
1756 374 1951 428 altaria

376 477 427 530 in
486 475 657 529 tribus
703 472 835 527 locis
897 472 1121 539 parietis
1184 472 1344 525 ntedii
1399 472 1659 533 continet,
1700 469 1800 521 hoc
1847 476 1950 528 est,

372 571 619 634 australi,
650 568 964 638 aquilonali,
995 578 1048 622 et
1082 567 1427 622 occidentali.
1461 567 1582 620 ll'ec
1615 567 1698 620 bis
1731 572 1951 634 quater-

374 680 470 718 nas
527 672 729 732 portas,
766 661 816 714 id
870 669 975 724 est,
1022 660 1275 713 introitus
1332 672 1425 726 per
1480 666 1589 711 tres
1649 672 1679 709 e
1734 656 1955 724 regione

372 758 606 826 parietes
660 755 842 817 habet,
878 770 908 809 e
960 755 1154 823 quibus
1202 762 1437 821 quatuor
1488 754 1553 805 ad
1601 750 1951 813 Vulturnum,

370 857 423 901 et
469 855 702 913 quatuor
755 846 821 899 ad
874 845 1073 899 Eurum
1131 854 1398 914 spectant.
1434 844 1610 913 llujns
1662 843 1711 896 in
1776 841 1953 895 medio

372 947 781 993 momnnentum
821 936 1029 990 Domini
1061 937 1348 990 rotnmlnm
1394 944 1542 1005 petra
1571 935 1812 990 excisum
1845 944 1949 997 est,

372 1033 526 1101 cujus
552 1032 763 1085 culmen
800 1031 1123 1084 intrinsecus
1172 1037 1323 1083 stans
1358 1030 1518 1082 homo
1550 1044 1708 1081 manu
1739 1028 1953 1081 centiu-

370 1140 498 1195 gere
532 1133 729 1192 potest,
760 1123 827 1174 ab
860 1123 1067 1176 oriente
1103 1121 1308 1173 habens
1357 1119 1662 1179 introitum,
1698 1117 1782 1171 ctti
1819 1116 1951 1181 lapis

372 1219 461 1273 ille
489 1232 717 1286 magnus
762 1216 1039 1284 appositus
1077 1225 1182 1277 est,
1220 1213 1363 1282 quod
1399 1211 1730 1266 intrinsecus
1774 1212 1951 1263 terra.

372 1321 674 1366 mentorum
727 1309 951 1378 vestigia
1000 1321 1171 1374 usque
1224 1306 1274 1360 in
1334 1319 1574 1374 praesens
1637 1303 1949 1357 ostendunt.

373 1403 502 1455 Nam
563 1400 905 1455 extrinsecus
960 1413 1131 1467 usque
1175 1396 1241 1450 ad
1291 1395 1546 1449 culminis
1574 1393 1944 1447 summitatem

373 1505 539 1549 totmn
576 1508 845 1546 marmore
892 1503 1092 1544 tectum
1120 1500 1238 1552 est;
1270 1502 1542 1542 summum
1578 1500 1706 1539 vero
1736 1484 1948 1538 culmen

372 1603 503 1640 auro
532 1596 806 1647 ornatum,
843 1598 1060 1637 auream
1098 1596 1344 1649 magnam
1392 1588 1567 1649 gestat
1617 1593 1856 1631 crucem.
1890 1577 1947 1632 lu

371 1680 531 1745 hujus
564 1693 690 1743 ergo
718 1675 1053 1729 monumenti
1099 1674 1387 1742 aquilonali
1443 1682 1597 1741 parte
1639 1671 1946 1738 sepulcrum

373 1769 582 1823 Domini
645 1769 696 1821 in
754 1768 943 1822 eadem
1022 1775 1171 1836 petra
1254 1766 1519 1826 excisum,
1594 1763 1951 1830 longitudinis

368 1872 575 1927 septem
602 1862 814 1927 pedum,
846 1860 1004 1912 trium
1036 1872 1288 1912 mensura
1313 1857 1608 1924 palmarum
1635 1856 1946 1923 pavimento

369 1953 532 2006 altius
564 1953 787 2014 eminet,
820 1951 1098 2004 introitum
1124 1949 1326 2002 habens
1351 1964 1378 1999 a
1405 1948 1571 2000 latere
1599 1946 1899 2000 meridiano
1928 1961 1941 1998 :

369 2047 456 2099 ubi
491 2046 576 2099 die
608 2056 878 2112 noctuque
932 2043 1211 2096 duodecim
1262 2041 1536 2110 lampades
1569 2041 1780 2101 ardent,
1808 2055 1944 2108 qua-

372 2148 493 2191 tuor
542 2137 700 2205 â€˜intra
775 2136 1117 2203 sepulcrum,
1182 2142 1305 2186 octo
1364 2147 1527 2199 Supra
1593 2133 1645 2184 in
1705 2130 1951 2197 margine

371 2230 582 2283 dextro.
617 2228 776 2295 Lapis
827 2227 917 2297 qui
971 2227 1036 2280 ad
1092 2228 1295 2279 ostium
1352 2223 1684 2277 monumenti
1744 2224 1951 2290 pes-itus

368 2330 506 2381 erat,
536 2333 679 2372 nunc
717 2319 873 2372 fissus
918 2327 1033 2382 est;
1067 2316 1220 2383 cujus
1256 2331 1381 2383 pars
1413 2316 1589 2367 minor
1619 2313 1945 2384 quadratum

368 2413 537 2465 altare
566 2422 690 2464 ante
725 2410 925 2462 ostium
964 2407 1316 2461 nihilominus
1345 2406 1589 2470 ejusdem
1616 2404 1948 2457 monumenti

368 2510 499 2561 stat,
528 2500 699 2567 major
731 2513 857 2552 vero
885 2498 938 2551 in
978 2496 1230 2552 orientali
1280 2497 1523 2562 ejusdem
1558 2495 1800 2550 ecclesia:
1832 2494 1950 2547 loco

368 2592 799 2663 quadrangulum
825 2590 969 2644 aliud
991 2588 1159 2643 altare
1188 2590 1287 2643 sub
1316 2587 1721 2642 linteaminibus
1746 2596 1949 2641 exstat.

366 2685 529 2739 Color
559 2692 738 2737 autem
786 2680 1027 2750 ejusdem
1062 2681 1418 2744 monumenti,
1452 2689 1506 2734 et
1534 2680 1790 2748 sepulcri,
1824 2680 1946 2732 albo

365 2784 421 2828 et
478 2772 777 2827 rubicundo
818 2772 1109 2841 permistus
1173 2770 1406 2823 videtur.
1441 2771 1477 2822 A
1522 2770 1711 2822 dextra
1765 2778 1944 2822 autem

369 2875 524 2934 parte
556 2864 678 2919 huic
707 2863 952 2918 ecclesiae
982 2862 1220 2916 colueret
1260 2862 1430 2915 beatae
1461 2860 1672 2914 Domini
1700 2859 1946 2913 Genitri-

363 2957 445 3011 cis
475 2957 703 3011 ecclesia
733 2955 1126 3026 quadrangula.
1160 2955 1218 3009 In
1252 2956 1451 3024 platea,
1482 2970 1602 3024 qua:
1628 2953 1947 3024 Martyrium

364 3060 421 3104 ct
469 3048 733 3120 Golgotha
787 3049 1091 3112 continual,
1146 3050 1344 3102 exedra
1392 3056 1496 3113 est,
1552 3048 1606 3102 in
1648 3063 1753 3116 qua
1809 3047 1951 3102 calix

368 3142 577 3198 Domini
614 3143 664 3197 in
702 3141 958 3198 scriniolo
1009 3142 1341 3206 reconditus,
1376 3157 1472 3210 per
1510 3143 1750 3209 eperculi
1797 3142 1948 3196 fora-

368 3248 489 3287 men
544 3235 687 3303 tangi
725 3233 863 3288 solet
922 3243 976 3287 et
1030 3233 1283 3286 osculari.
1322 3233 1422 3298 Qui
1465 3244 1752 3301 argenteus
1783 3235 1949 3297 calix,

366 3328 499 3379 duas
538 3325 663 3379 hinc
702 3334 756 3379 et
789 3324 912 3378 imle
956 3324 1164 3378 habens
1209 3325 1448 3388 ansulas,
1482 3324 1706 3376 sextarii
1757 3322 1949 3378 Gallici

367 3430 673 3468 mensuram
705 3414 849 3481 capit
881 3432 893 3465 :
929 3414 979 3466 in
1011 3428 1116 3481 quo
1148 3421 1232 3467 est
1270 3424 1322 3467 et
1374 3412 1460 3465 illa
1491 3412 1717 3483 spongia
1768 3410 1951 3465 Detul-

368 3508 475 3573 nici
503 3518 658 3574 potus
701 3507 969 3559 ministra.
1007 3505 1064 3559 In
1117 3506 1233 3559 loco
1281 3514 1459 3558 autent
1488 3504 1603 3568 illo,
1632 3519 1739 3573 quo
1772 3502 1950 3557 Abra-

367 3598 489 3650 ham
552 3597 725 3649 altare
789 3597 855 3649 ad
931 3596 1319 3649 immolandum
1381 3594 1550 3649 lilium
1616 3595 1944 3658 construxit,

367 3701 548 3739 mensa
598 3696 679 3740 est
733 3685 908 3755 lignea
966 3702 1070 3740 non
1130 3702 1319 3755 parva,
1360 3686 1608 3754 inquam
1644 3702 1942 3756 pauperum

364 3781 719 3849 eleemosyna:
749 3780 925 3833 solent
952 3796 980 3831 a
1017 3780 1213 3849 pOpttlo
1247 3778 1469 3833 deferri.
1498 3777 1710 3833 Lancea
1758 3778 1949 3833 militis

368 3869 569 3924 inserta
598 3870 831 3924 habetur
856 3870 908 3923 itt
941 3885 1100 3924 cruce
1128 3870 1302 3940 lignea
1338 3870 1391 3925 in
1429 3870 1641 3935 porticu
1673 3867 1941 3941 Martyrii,

364 3963 522 4032 cujus
569 3964 761 4017 hastile
798 3962 851 4016 in
881 3963 1015 4016 duas
1062 3962 1378 4017 intercisum
1416 3973 1617 4032 partes,
1650 3978 1677 4014 a
1712 3972 1819 4015 tota
1856 3975 1947 4015 ve-

366 4068 587 4107 neratur
621 4056 861 4107 civitate.
910 4052 1134 4122 Singula
1181 4068 1301 4123 quze
1350 4054 1484 4118 dixi,
1517 4062 1573 4107 ut
1603 4052 1947 4110 manifestius

364 4161 709 4214 agnosceres,
738 4147 899 4199 etiam
933 4162 1039 4216 pra:
1071 4148 1239 4199 oculis
1271 4146 1560 4213 depingere
1592 4145 1800 4199 curavi.

828 4239 1003 4308 (Deest
1025 4239 1197 4307 ï¬gura
1238 4242 1288 4292 in
1325 4241 1478 4307 nus.)

437 4333 562 4388 llaec
593 4332 809 4402 quidem
838 4334 1016 4384 omnia
1047 4348 1165 4399 qua:
1188 4332 1732 4387 commemoravimus
1760 4344 1945 4389 sancta

370 4426 511 4489 loca,
540 4433 690 4476 extra
724 4430 961 4475 montem
1001 4420 1131 4475 Sion
1169 4423 1343 4490 posita
1390 4435 1709 4489 cernuntur,
1740 4439 1847 4493 quo
1889 4440 1948 4482 se

369 4519 435 4571 ad
476 4516 781 4585 aquilonem
841 4515 1100 4569 deficiens
1165 4514 1267 4568 loci
1332 4524 1512 4571 tumor
1575 4519 1838 4585 porrexit.
1886 4516 1943 4571 lu

367 4608 608 4663 inferiori
647 4622 776 4661 vero
828 4617 979 4674 parte
1026 4607 1197 4671 urbis,
1232 4607 1321 4661 ubi
1371 4609 1629 4675 templum
1661 4609 1712 4662 in
1747 4611 1941 4664 vicinia

368 4702 505 4755 tnuri
554 4700 621 4753 ab
666 4700 875 4754 oriente
923 4699 1178 4762 locatmn,
1212 4698 1425 4769 ipsique
1476 4702 1617 4765 urbi,
1656 4702 1942 4756 transitum

363 4794 550 4865 pervio
598 4805 760 4861 ponte.
812 4792 1109 4855 mediante,
1158 4791 1332 4845 fuerat
1387 4790 1759 4859 conjunctutn,
1804 4810 1946 4848 nunc

366 4887 625 4943 Saraceni
676 4884 997 4953 quadratam
1053 4887 1273 4937 domutn
1327 4884 1596 4938 subrectis
1658 4886 1857 4940 tabttlis
1888 4896 1943 4940 et

368 4986 576 5052 magnis
602 4980 845 5035 trabibus
880 4994 1041 5048 super
1073 4979 1336 5047 quasdam
1378 4979 1656 5032 ruinarum
1687 4980 1944 5049 reliquias

367 5076 456 5129 vili
506 5088 671 5143 opere
704 5080 1105 5135 construentes,
1136 5071 1384 5124 oratione
1425 5069 1790 5140 frequentant,
1819 5090 1941 5143 qua:

368 5169 470 5220 tria
525 5165 693 5219 millia
745 5160 1021 5216 hominum
1072 5174 1265 5229 capere
1320 5158 1551 5213 videtur.
1589 5156 1785 5214 Pauca:
1837 5160 1944 5215 illic

365 5264 617 5315 cisternae
668 5260 720 5313 in
782 5273 938 5311 usum
995 5272 1257 5326 aquarum
1309 5264 1626 5312 cernuntur.
1663 5256 1718 5310 ln
1747 5257 1942 5311 vicinia

367 5350 549 5418 templi
603 5347 887 5403 Bethsaida
935 5346 1142 5416 piscina
1175 5347 1389 5417 gemino
1420 5347 1645 5416 insignis
1691 5346 1809 5401 lacu
1849 5364 1946 5417 ap-

365 5453 536 5512 paret,
571 5458 801 5513 quorum
853 5442 991 5497 alter
1036 5442 1279 5497 hibernis
1333 5443 1648 5511 plerumque
1691 5439 1946 5508 impletur

366 5536 651 5600 imbribus,
711 5535 848 5591 alter
901 5536 1077 5591 rubris
1133 5545 1214 5590 est
1264 5534 1498 5588 discolor
1548 5533 1720 5602 aquis,
1766 5531 1849 5587 Ab
1879 5548 1941 5587 ea

364 5628 541 5683 fronte
568 5630 765 5683 montis
790 5630 942 5693 Sion,
974 5645 1093 5697 qua:
1125 5636 1391 5697 praerupta
1441 5642 1573 5696 rupe
1621 5626 1942 5680 orientalem

365 5724 573 5795 plagam
628 5733 858 5794 spectat,
905 5722 1047 5777 intra
1104 5736 1283 5775 muros
1333 5730 1494 5790 atque
1557 5718 1607 5773 itt
1664 5716 1935 5775 radicâ€™bus

1416 264 1513 324 DE
1575 262 1792 324 LOClS
1841 261 2156 325 SANCTIS
2208 265 2605 330 LIBELLUS.

3506 266 3645 333 U82

2065 377 2219 432 collis
2249 379 2370 433 fons
2420 379 2564 435 Siloe
2595 381 2920 451 prorumpit,
2948 383 3040 451 qui
3088 384 3397 441 alternante
3422 384 3640 453 quidem

2066 481 2329 536 aquarum
2383 485 2602 526 accessu
2654 472 2703 526 in
2759 473 3037 527 meridiem
3068 475 3274 537 deï¬‚uit,
3315 477 3499 539 idest,
3534 490 3641 529 non

2057 560 2224 614 certis
2274 561 2357 615 vel
2413 562 2630 631 jugihus
2683 563 2860 633 aquis.
2894 564 2985 618 sed
3045 564 3268 619 incertis
3321 566 3470 620 horis
3520 568 3639 621 die-

2059 654 2265 722 busque
2322 656 2533 719 ebullit,
2564 664 2617 711 et
2670 672 2767 725 per
2815 666 3079 711 terrarum
3135 674 3367 713 concava
3396 670 3449 712 ct
3484 670 3640 714 antra

2058 748 2173 799 saxi
2206 746 2480 815 durissimi
2513 765 2636 803 cum
2670 764 2865 817 magno
2910 750 3088 804 sonitu
3122 749 3306 805 venire
3336 752 3638 805 consuevit.

2058 838 2114 892 in
2165 846 2425 912 superiori
2484 847 2683 901 montis
2744 845 2875 901 Sion
2941 848 3184 915 planitie,
3247 848 3637 901 monachorum

2058 931 2261 987 cellula:
2305 935 2615 1005 frequentes
2647 937 2930 991 ecclesiam
2981 954 3228 1006 magnam
3276 939 3638 1000 circumdant,

2060 1020 2189 1084 illic,
2234 1033 2288 1077 ut
2325 1027 2630 1092 perhibent,
2665 1029 2732 1082 ab
2762 1029 3023 1098 apostolis
3058 1029 3362 1093 fundatam,
3398 1044 3464 1083 eo
3498 1029 3641 1097 quod

2060 1113 2129 1165 ibi
2166 1114 2426 1182 Spiritum
2476 1129 2719 1172 sanctum
2777 1121 3108 1189 acceperint,
3157 1122 3339 1191 ibiqtte
3378 1120 3435 1175 S.
3472 1120 3638 1174 Maria

2057 1206 2275 1260 obierit.
2315 1206 2368 1260 lu
2407 1223 2513 1277 qua
2563 1210 2726 1264 etiam
2764 1210 2915 1265 locus
2949 1226 3120 1267 coanre
3165 1211 3377 1267 Domini
3410 1228 3640 1267 venera-

2061 1298 2184 1353 bilis
2210 1299 2535 1355 ostenditur.
2567 1302 2671 1357 Sed
2701 1312 2756 1358 et
2782 1303 3033 1358 columna
3088 1319 3389 1358 marmorea
3431 1305 3483 1357 in
3527 1319 3635 1358 meo

2056 1390 2146 1443 dio
2170 1399 2278 1444 stat
2307 1391 2572 1458 ecclesiae,
2599 1393 2683 1447 cui
2732 1395 3016 1451 adhaerens
3049 1396 3307 1450 Dominus
3338 1395 3636 1466 flagellatus

2054 1491 2158 1537 est.
2184 1480 2357 1553 Hujus
2384 1500 2513 1555 ergo
2537 1486 2779 1544 ecclesia:
2812 1488 2934 1543 talis
2960 1488 3163 1543 dicitur
3193 1503 3315 1543 esse
3350 1488 3543 1557 figura.

2520 1621 2699 1690 (Deest
2729 1624 2903 1694 ï¬gura
2937 1624 2993 1678 in
3020 1623 3170 1694 mss.)

2127 1758 2225 1813 llic
2260 1767 2595 1813 monstratur
2625 1767 2800 1828 petra,
2838 1773 3003 1828 super
3042 1773 3204 1829 quam
3250 1758 3521 1827 lapidatus
3554 1766 3641 1813 est

2054 1863 2276 1905 sanctus
2307 1860 2674 1922 protomartyr
2702 1851 3017 1921 Stephanus
3049 1861 3201 1906 extra
3249 1852 3545 1906 civitatem.
3580 1851 3634 1903 In

2056 1943 2234 1998 medio
2264 1952 2439 1998 autem
2470 1942 2790 2010 Jerusalem,
2830 1944 2920 1998 ubi
2979 1959 3142 1999 cruce
3198 1942 3407 1996 Domini
3450 1956 3640 2012 super-

2055 2034 2229 2103 posita
2286 2044 2534 2090 mortuus
2587 2036 2808 2101 revixit,
2870 2037 3121 2091 columna
3153 2036 3299 2091 celsa
3356 2044 3485 2099 stat,
3518 2049 3639 2103 qua!

2051 2127 2241 2181 Î±á¿–Ï‚Î¹á½·Î½Î¿
2271 2128 2507 2183 solstitio
2543 2130 2787 2184 umbram
2826 2146 2930 2185 non
2969 2130 3119 2195 facit,
3154 2131 3296 2184 unde
3316 2139 3509 2199 putant
3563 2129 3635 2183 ibi

2056 2212 2287 2271 mediam
2322 2234 2444 2273 esse
2480 2228 2705 2285 terram,
2736 2230 2787 2273 et
2844 2220 3103 2275 historice
3135 2221 3335 2274 dictum
3370 2239 3442 2274 :4
3495 2218 3637 2273 Deus

2052 2318 2233 2363 autem
2283 2320 2411 2365 ante
2458 2311 2655 2365 saecula
2687 2322 2947 2382 operatus
2977 2322 3062 2367 est
3108 2313 3335 2366 salutem
3370 2312 3422 2365 in
3461 2313 3638 2365 medio

2053 2410 2229 2454 terrm.
2270 2419 2290 2453 Î¹
2335 2400 2453 2467 Qua
2503 2404 2697 2457 ductus
2751 2403 3009 2471 opinione
3058 2403 3401 2468 Victorinus,
3453 2405 3639 2457 Picta-

2052 2492 2259 2547 viensis
2291 2494 2521 2549 antistes
2558 2493 2839 2560 Ecclesiae,
2876 2495 2943 2550 de
2978 2494 3247 2565 Colgotha
3280 2495 3531 2551 scribens
3563 2497 3635 2549 ita

2050 2585 2271 2642 inchoat
2306 2605 2320 2642 :

2125 2743 2219 2819 Î¹Î¾ÎµÎ¹
2244 2747 2413 2811 locus,
2435 2764 2518 2819 ea:
2552 2750 2695 2802 omni
2731 2749 2961 2802 medium
3000 2766 3148 2819 quem
3183 2750 3448 2802 credimus
3481 2749 3637 2812 orbe,

2128 2817 2389 2895 (.â€˜olgolha
2414 2817 2591 2873 Judwt'
2618 2817 3121 2889 patrio'coguomine
3150 2820 3357 2874 dicunt.

2051 2977 2180 3034 CAP.
2227 2975 2316 3032 Ill.
2347 3005 2415 3016 -
2460 2978 2532 3032 De
2567 2978 2969 3103 Arlteltleqtajlt,
3001 2987 3049 3032 et
3090 2979 3202 3031 loco
3231 2978 3319 3031 ubi
3353 2994 3638 3047 suspensus

2689 3060 2765 3102 est
2837 3068 2865 3101 tl
2907 3066 2994 3103 á¼€á¿£.

2689 3060 2765 3102 est
2796 3060 2994 3105 Jua'as.

2124 3182 2347 3237 Portam
2406 3183 2571 3238 David
2629 3185 3058 3254 egredientibus,
3107 3186 3225 3260 fons
3287 3179 3637 3240 occurritâ€˜iu

2053 3286 2295 3328 austrum
2333 3290 2426 3344 per
2462 3274 2651 3329 vallem
2685 3276 2951 3339 directus,
2982 3277 3050 3329 ad
3097 3275 3252 3344 cujus
3295 3276 3637 3331 medietatem

2052 3367 2119 3417 ab
2154 3379 2353 3418 occasu
2399 3365 2566 3419 .ludas
2615 3380 2675 3420 se
2717 3368 3068 3434 suspendisse
3112 3377 3385 3420 narratur.
3423 3366 3554 3419 Nam
3586 3378 3643 3422 et

2055 3455 2188 3505 licus
2242 3468 2433 3519 magna
2485 3455 2556 3508 ibi
2604 3469 2666 3508 ac
2709 3456 3079 3511 vetustissima
3130 3466 3263 3521 stat,
3311 3458 3463 3528 juxta
3494 3462 3639 3526 quod

2049 3539 2322 3599 Juvencus
2355 3544 2429 3597 ait
2460 3562 2474 3598 :

2234 3678 2526 3749 Informem
2553 3682 2728 3749 rapuit
2758 3680 2891 3750 ï¬cus
2912 3682 2976 3736 de
2997 3681 3185 3737 vertice
3215 3694 3458 3736 mortem.

2124 3794 2289 3849 Porro
2319 3796 2714 3851 Acheldemach
2746 3797 2810 3851 ad
2845 3797 3136 3853 australem
3178 3798 3386 3869 plagam
3439 3799 3641 3854 montis

2054 3888 2208 3949 Sion,
2247 3889 2561 3957 peregrinos
2604 3900 2660 3942 et
2690 3890 2952 3958 ignobiles
3003 3901 3248 3945 mortuos
3301 3891 3461 3946 hodie
3506 3908 3643 3961 quo-

2051 3993 2156 4046 que
2194 3979 2329 4034 alios
2368 3990 2511 4034 terra
2549 3983 2699 4051 tegit,
2740 3982 2875 4036 alios
2915 3983 3226 4039 inhumatos
3255 3985 3565 4054 putrefacit.

2051 4116 2183 4172 Car.
2247 4116 2334 4170 IV.
2401 4149 2471 4157 â€”
2516 4117 2591 4172 De
2627 4120 2845 4172 sudario
2894 4121 3082 4187 capitis
3132 4121 3366 4185 Domini,
3420 4132 3470 4177 et
3528 4122 3637 4176 alio

2247 4189 2449 4257 majore
2485 4190 2647 4243 linteo
2682 4208 2713 4243 Î±
2753 4203 2937 4243 sancta
2975 4191 3148 4246 Maria
3180 4196 3437 4262 confecto.

2122 4322 2413 4378 Sudarium
2461 4326 2658 4395 capitis
2720 4326 2930 4382 Domini
2992 4338 3112 4397 post
3172 4333 3633 4389 resurrectionem

2047 4414 2165 4485 ejus
2196 4430 2319 4470 mox
2346 4414 2851 4472 Christianissimus
2891 4418 3112 4487 quidam
3141 4417 3359 4474 Judmus
3402 4420 3632 4492 furatus,

2051 4523 2221 4578 usque
2262 4510 2328 4561 ad
2371 4509 2602 4575 obitum,
2633 4510 2838 4566 divitiis
2870 4511 2972 4564 sibi
3011 4510 3373 4577 atlluentibus,
3419 4513 3628 4569 habuit.

2051 4600 2153 4666 Qui
2185 4600 2478 4655 moriturus
2530 4602 2825 4671 interrogat
2872 4602 3031 4668 filios,
3063 4602 3153 4672 qni
3207 4605 3414 4658 Domini
3465 4608 3633 4661 suda-

2049 4691 2209 4755 rium,
2256 4692 2344 4761 qui
2397 4702 2625 4747 eteteras
2682 4693 2853 4761 patris
2898 4694 3028 4748 velit
3082 4696 3332 4765 accipere
3386 4696 3628 4755 divitias.

2049 4782 2219 4851 Major
2252 4786 2539 4841 thesauros
2576 4802 2778 4849 rerum,
2812 4788 2991 4842 minor
3030 4789 3192 4857 elegit
3226 4790 3525 4844 sudarium.
3562 4789 3630 4843 Et

2050 4892 2173 4931 mox
2202 4877 2390 4944 majori
2415 4877 2740 4932 decrescunt
2764 4895 2893 4948 opes
2922 4894 3093 4948 usque
3114 4881 3180 4934 ad
3205 4890 3579 4949 paupertatem
3612 4902 3626 4938 :

2048 4967 2203 5022 fratri
2259 4980 2437 5022 autem
2488 4984 2611 5023 cum
2666 4969 2769 5023 fide
2830 4979 3085 5025 crescunt
3115 4979 3167 5025 et
3222 4986 3386 5039 opes;
3418 4982 3471 5025 et
3529 4972 3631 5027 hoc

2049 5079 2219 5132 usque
2272 5063 2339 5118 ad
2391 5064 2635 5132 quintam
2685 5064 3089 5134 generationem
3149 5065 3333 5121 fideles
3383 5076 3628 5120 tenuere.

2047 5156 2185 5211 llinc
2212 5156 2279 5210 ad
2314 5155 2509 5224 impios
2553 5157 2898 5222 perveniens,
2930 5155 3150 5212 divitias
3193 5166 3403 5213 tantum
3454 5161 3626 5221 auxit,

2050 5256 2105 5303 ut
2142 5247 2362 5313 Juda-is,
2390 5261 2443 5303 et
2475 5255 2578 5304 hoc
2612 5252 2781 5305 multo
2819 5260 3080 5322 tempore,
3110 5253 3281 5309 donec
3310 5263 3431 5321 post
3465 5254 3625 5324 longa

2046 5342 2241 5410 litigia,
2274 5343 2471 5411 quibus
2501 5342 2798 5397 Christiani
2826 5342 2998 5398 Judaei
3030 5360 3089 5398 se
3130 5343 3355 5407 Christi,
3381 5344 3627 5399 infideles

2046 5451 2179 5492 vero
2224 5450 2285 5490 se
2342 5443 2555 5504 patrum
2588 5449 2808 5489 suorum
2846 5434 3195 5489 affirmabant
3226 5437 3485 5502 literedes,
3514 5435 3628 5489 Ma-

2043 5529 2245 5598 jnvias,
2303 5529 2699 5584 Saracenorum
2751 5543 2867 5593 rex,
2912 5528 3005 5598 qui
3058 5537 3242 5583 nostra
3291 5540 3452 5585 atate
3500 5530 3622 5596 fuit,

2044 5621 2209 5690 judex
2256 5620 2578 5689 postulatus,
2614 5636 2843 5676 accensa
2897 5620 3088 5690 grandi
3144 5637 3296 5692 pyra,
3345 5620 3623 5676 Christum

2044 5713 2278 5784 judicent
2310 5721 2583 5785 precatur,
2619 5715 2709 5786 qui
2744 5714 2846 5771 hoc
2876 5729 2975 5785 pro
3008 5728 3230 5770 suorum
3261 5713 3435 5772 salute
3463 5727 3629 5784 super
