4054 6190
354 312 491 378 1183

350 438 511 495 caput
566 426 762 481 habere
810 425 1145 494 dignaretur.
1198 423 1418 477 Missum
1459 438 1589 493 ergo
1640 422 1693 475 in
1744 421 1919 487 ignem

352 520 651 585 sudarium,
686 520 850 573 veloci
888 530 1041 588 raptu
1077 518 1334 586 effugiens
1372 519 1569 577 evolat,
1600 526 1652 570 et
1688 515 1741 568 iu
1782 529 1931 568 sum-

352 628 443 668 mo
495 627 620 667 aere
673 612 976 666 diutissime
1023 613 1172 679 quasi
1208 611 1441 663 ludendo
1476 609 1825 670 voluerimus,
1860 605 1927 658 ad

351 704 599 757 ultimum
634 704 846 758 cunctis
883 703 1133 769 utrinque
1181 702 1533 764 intuentibus,
1567 714 1687 754 sese
1735 697 1926 751 leviter

352 794 405 848 in
436 795 713 864 cujusdam
762 796 829 850 de
875 795 1179 850 Christiana
1233 794 1388 861 plebe
1439 794 1617 847 sinum
1654 790 1926 857 deposuit,

350 887 494 955 quod
545 902 702 941 mane
739 903 860 941 mox
909 896 1050 941 totus
1095 887 1323 954 pepulus
1372 900 1582 939 summa
1617 899 1736 937 eum
1765 896 1929 936 vene-

351 980 561 1035 ratione
606 979 872 1033 salutabat
928 989 982 1033 et
1034 978 1399 1032 osculabatur.
1452 976 1697 1030 Habebat
1748 984 1924 1027 autem

349 1070 698 1141 longitudinis
759 1071 922 1141 pedes
977 1082 1121 1124 octo.
1179 1070 1337 1122 Aliud
1382 1083 1597 1137 quoque
1651 1068 1926 1135 aliquanto

351 1161 525 1230 majus
550 1162 775 1217 linteum
824 1163 877 1215 in
912 1162 1135 1215 ecclesia
1181 1161 1269 1213 illa
1305 1169 1611 1222 veneratur,
1645 1162 1785 1226 quod
1819 1158 1926 1212 fer-

346 1260 436 1303 tur
458 1265 487 1303 a
517 1260 702 1303 saneta
748 1250 916 1304 Maria
965 1261 1301 1311 contextum,
1339 1249 1621 1302 duodecim
1652 1248 1923 1316 apostolo-

350 1358 464 1395 rum
501 1351 555 1397 et
585 1344 753 1412 ipsius
776 1341 985 1395 Dotnini
1011 1344 1296 1396 continens
1322 1341 1604 1411 imagines,
1626 1356 1731 1394 uno
1755 1341 1924 1395 latere

349 1435 597 1503 rubeum,
631 1446 685 1491 et
721 1438 889 1490 altero
921 1436 1107 1489 viride.

345 1569 475 1624 CAP.
517 1568 578 1623 V.
616 1599 682 1610 —-
720 1568 792 1622 De
822 1569 949 1623 locis
988 1571 1127 1623 circa
1161 1569 1514 1631 Hierusalem,
1539 1581 1586 1623 et
1622 1570 1840 1624 ecclesia
1867 1570 1922 1623 in

433 1638 570 1693 valle
595 1638 879 1708 Iosophat,
913 1641 998 1692 ubi
1026 1640 1232 1708 sepulta
1268 1643 1368 1709 fuit
1409 1653 1593 1695 sancta
1622 1640 1825 1697 Maria.

413 1776 571 1831 Circa
607 1775 1035 1847 Hierosolymam
1068 1794 1259 1846 aspera
1291 1789 1345 1833 et
1377 1788 1661 1834 montuosa
1689 1795 1923 1834 cernun-

344 1878 435 1924 tur
468 1873 585 1925 loca
619 1888 635 1925 :
668 1870 792 1923 hinc
820 1885 1034 1940 quoque
1063 1872 1488 1939 septentrionem
1519 1887 1708 1927 versus
1752 1888 1922 1939 usque

343 1962 410 2015 ad
450 1962 807 2016 Arimatbiam
848 1971 992 2016 terra
1044 1973 1257 2031 petrnsa
1294 1973 1345 2017 et
1378 1980 1570 2032 aspera
1610 1980 1704 2032 per
1752 1965 1923 2020 inter-

346 2053 485 2107 valla
513 2064 843 2108 monstratur
870 2071 883 2107 :
921 2054 1084 2108 valles
1115 2069 1328 2124 Quoque
1376 2056 1608 2124 spinosa:
1654 2072 1821 2126 usque
1853 2058 1920 2112 ad

345 2145 701 2199 Tamniticam
741 2146 1012 2215 regionem
1046 2150 1417 2214 patenteszad
1450 2149 1757 2203 Caesaream
1792 2165 1919 2204 vero

345 2238 641 2293 Palaestina:
700 2239 767 2292 ab
823 2236 983 2303 Elia,
1033 2241 1281 2308 quamvis
1342 2241 1519 2309 aliqua
1583 2243 1920 2309 reperiantur

341 2340 568 2399 augusta
599 2339 653 2384 et
677 2330 858 2385 brevia
886 2340 1044 2399 atque
1067 2346 1255 2399 aspera
1284 2331 1421 2393 loca,
1442 2333 1706 2401 prmcipua
1739 2343 1915 2390 tamen

344 2420 595 2488 planities
636 2435 950 2491 camporum
998 2424 1138 2476 inest
1186 2424 1519 2491 interpositis
1547 2427 1783 2479 olivetis.
1826 2426 1919 2479 Di—

340 2522 486 2566 stant
513 2524 691 2566 autem
725 2517 1062 2582 septuaginta
1094 2516 1331 2583 quinque
1368 2518 1603 2571 millibus
1636 2534 1916 2585 passuum,

342 2603 622 2672 longitudo
654 2621 779 2659 vero
811 2604 995 2659 Terra:
1033 2607 1487 2674 ltepromissionis
1534 2624 1563 2662 a
1606 2609 1717 2663 Dan
1752 2626 1920 2681 usque

340 2694 625 2760 Bersabee,
650 2698 888 2749 tenditur
918 2700 1091 2766 spatio
1113 2709 1327 2751 ccutmu
1359 2702 1633 2770 sexaginta
1664 2703 1915 2769 millium,

339 2786 408 2839 ab
438 2785 609 2856 Joppe
642 2801 811 2855 usque
838 2787 1110 2841 Bethleem
1144 2792 1494 2860 quadraginta
1528 2808 1619 2846 sex
1661 2794 1915 2850 millibus.

340 2877 501 2932 Juxta
558 2894 772 2932 murum
839 2880 1019 2949 templi
1057 2882 1137 2934 vel
1196 2882 1527 2939 Hierusalem
1589 2886 1656 2939 ab
1706 2888 1918 2942 oriente

343 2969 638 3026 Cchetmon
703 2974 963 3037 occurrit,
1019 2990 1139 3041 quae
1192 2983 1273 3029 cst
1329 2976 1481 3032 vallis
1535 2975 1816 3047 Josapbat,
1885 2995 1914 3033 a

337 3063 740 3130 septentrionali
787 3065 937 3133 plaga
974 3066 1026 3118 in
1059 3076 1301 3121 austrum
1334 3080 1605 3136 porrecta,
1626 3086 1720 3138 per
1753 3086 1913 3138 quam

337 3164 550 3209 torrens
578 3154 813 3221 Cedrou,
840 3159 882 3211 si
913 3159 1128 3225 quando
1166 3161 1461 3228 pluviarum
1493 3178 1662 3230 aquas
1698 3166 1913 3234 recipit,

336 3246 599 3301 decurrit.
635 3247 759 3301 Hice
787 3249 940 3301 Vallis
992 3257 1045 3301 et
1089 3265 1249 3317 parva
1280 3254 1453 3321 c-.nnpi
1489 3254 1764 3321 planities,
1796 3256 1918 3311 irri-

334 3352 438 3404 gua
489 3349 543 3393 et
596 3352 902 3401 nemorosa,
956 3340 1219 3410 plenaque
1271 3343 1501 3410 deliciis,
1537 3346 1714 3402 lucum
1765 3349 1914 3405 inse

334 3430 606 3497 quondam
657 3429 806 3483 Baali
856 3446 1070 3484 sacrum
1131 3433 1343 3486 habuit.
1379 3434 1436 3489 lit
1477 3436 1579 3492 hac
1630 3440 1797 3494 turris
1828 3450 1912 3495 est

336 3517 476 3586 regis
526 3516 807 3587 Josapltat,
857 3520 1162 3589 sepulcrum
1214 3524 1329 3590 ejus
1389 3528 1724 3582 continens:
1761 3532 1915 3599 cujus

333 3605 401 3657 ad
430 3606 673 3660 dextram
713 3608 780 3663 de
812 3626 943 3679 rupe
988 3614 1186 3667 montis
1234 3618 1423 3671 Uliveti
1461 3621 1643 3674 excisa
1673 3630 1725 3675 et
1756 3638 1912 3693 sepa-

336 3706 449 3750 rata
480 3696 677 3754 domus
728 3701 837 3753 duo
889 3713 1080 3756 cavata
1138 3704 1300 3760 habet
1353 3709 1622 3777 sepulcra,
1658 3712 1760 3765 hoc
1800 3725 1906 3779 est,

335 3788 608 3847 Simeonis
655 3793 820 3857 senis,
868 3804 923 3849 et
976 3793 1175 3864 lost-pb
1224 3810 1425 3854 sancta:
1471 3802 1653 3856 Mariae
1700 3806 1905 3874 sponsi.

335 3880 390 3935 lu
420 3882 607 3935 eadem
644 3883 783 3938 valle
815 3884 1027 3942 Sancta:
1057 3887 1239 3945 Maria:
1272 3893 1498 3947 rotunda
1531 3904 1615 3949 est
1655 3895 1909 3965 ecclesia,

332 3973 543 4041 lapideo
608 3978 850 4033 tabulato
907 3981 1162 4047 discreta,
1217 3986 1376 4053 cujus
1433 3990 1486 4041 in
1542 3990 1913 4057 superioribus

330 4076 560 4134 quatuor
624 4070 838 4137 altaria,
876 4072 927 4127 in
958 4074 1308 4132 inferioribus
1356 4095 1518 4134 unum
1573 4081 1809 4137 habetur
1854 4084 1907 4138 in

328 4158 577 4214 orientali
617 4161 791 4230 plaga,
828 4177 882 4219 et
913 4168 979 4220 ad
1031 4168 1150 4238 ejus
1194 4171 1439 4225 dextram
1498 4184 1907 4231 monumentum

328 4259 415 4304 est
467 4266 718 4319 vacuum,
776 4256 827 4309 in
884 4274 992 4327 quo
1044 4271 1231 4329 sancta
1293 4262 1458 4319 Maria
1508 4266 1600 4321 Dei
1659 4266 1907 4324 Genitrix

327 4343 641 4412 aliquandiu
674 4361 932 4415 pausasse
956 4351 1187 4410 dicitur:
1219 4356 1315 4409 sed
1360 4371 1391 4410 a
1435 4372 1543 4426 quo
1576 4359 1659 4415 vel
1690 4362 1908 4430 quando

326 4436 399 4488 sit
462 4436 639 4493 ablata
717 4441 974 4497 uescitur.
1044 4445 1199 4500 Hanc
1266 4448 1533 4505 intrantes
1603 4452 1785 4507 vident
1839 4455 1907 4509 ad

324 4527 568 4582 dextram
607 4529 872 4587 insertam
903 4535 1094 4605 parieti
1128 4548 1361 4609 petram,
1392 4542 1442 4595 in
1491 4559 1596 4611 qua
1647 4543 1905 4603 Dominus

325 4630 506 4685 nocte,
537 4638 643 4692 qua
710 4628 1045 4694 tradebatur,
1107 4633 1305 4699 oravit,
1360 4635 1606 4707 vestigiis
1668 4654 1902 4709 genuum

323 4714 480 4780 quasi
507 4730 648 4771 certe
677 4718 822 4772 tnolli
861 4719 1164 4791 impressis.

321 4874 431 4930 CAP
488 4876 574 4932 Vl.
594 4878 965 4959 —_l_)emmonle
994 4884 1208 4959 Oliveti,
1232 4897 1287 4959 et
1312 4888 1530 4942 ecclesia
1565 4890 1634 4943 ibi
1655 4890 1902 4959 fundata,

625 4951 714 5004 ubi
750 4951 1007 5008 Dominus
1049 4956 1117 5009 ad
1146 4957 1298 5011 cwlos
1332 4960 1611 5015 ascendit.‘

391 5082 550 5138 Mons
604 5083 903 5155 Olivarum,
951 5089 1097 5145 mille
1147 5092 1215 5145 ab
1263 5092 1600 5150 Hierusalem
1634 5098 1903 5156 discretus

322 5178 591 5246 passibus,
622 5182 909 5238 altitudine
941 5188 1110 5240 monti
1145 5184 1272 5241 Sion
1306 5204 1402 5256 par
1433 5200 1550 5256 est;
1586 5193 1678 5246 sed
1714 5194 1903 5250 latitu-

320 5273 449 5328 dine
500 5284 555 5330 et
614 5275 949 5346 longitudine
1005 5288 1247 5346 praestat,
1303 5282 1544 5349 exceptis
1598 5286 1794 5339 vitibus
1846 5295 1902 5342 et

320 5367 500 5431 olivis,
534 5383 673 5423 rara:
704 5367 854 5423 ferax
890 5371 1125 5435 arboris,
1160 5370 1413 5428 frumenti
1446 5389 1659 5443 quoque
1688 5388 1741 5431 ct
1772 5379 1899 5434 hor-

320 5457 406 5511 dei
461 5458 675 5514 fertilis.
729 5459 915 5531 Neque
972 5464 1115 5517 enim
1171 5466 1425 5530 brucosa,
1461 5466 1555 5521 sed
1586 5469 1814 5525 herbosa
1845 5484 1901 5528 et

321 5544 505 5601 florida
535 5548 632 5603 soli
667 5550 812 5605 illius
845 5561 926 5606 est
955 5553 1211 5621 qualitas;
1255 5556 1313 5607 lu
1354 5556 1508 5625 cujus
1537 5571 1750 5611 summo
1778 5570 1899 5611 ver-

323 5638 449 5697 tice,
491 5642 579 5695 ubi
632 5641 889 5697 Dominus
937 5645 1003 5699 ad
1052 5646 1221 5701 cmlos
1255 5648 1523 5711 ascendit,
1556 5650 1788 5704 ecclesia
1820 5664 1900 5703 ro-

323 5726 486 5781 tunda
550 5733 791 5799 grandis,
848 5744 1030 5792 ternas
1093 5754 1189 5809 per
1243 5740 1527 5797 circuitum
1588 5752 1893 5799 cameratas

1289 315 1389 372 AD
1436 309 1862 372 MARTYROL.
1910 307 2129 367 BEDzE
2169 311 2656 374 APPENDICES.

3474 315 3614 381 1134

2041 418 2205 473 habet
2256 422 2495 489 porticus
2548 422 2784 490 desuper
2850 431 3042 479 tectas.
3102 424 3334 483 Interior
3382 444 3621 501 namque

1990 510 1993 511 ⁷
2032 509 2226 563 domus
2251 522 2467 579 propter
2500 511 2767 567 Dominici
2803 515 3047 583 corporis
3076 526 3311 573 meatum
3345 523 3615 576 camerari

2030 609 2085 655 et
2127 602 2230 670 tegi
2267 618 2373 655 non
2408 606 2602 673 potuit,
2632 605 2805 659 altare
2846 608 2912 660 ad
2955 609 3221 663 orientem
3275 609 3483 666 habens
3514 629 3612 665 an-

2029 703 2187 763 gusto
2218 695 2454 751 culmine
2504 708 2804 766 protectum
2837 718 2850 754 :
2881 701 2932 754 in
2987 700 3139 768 cujus
3194 704 3369 757 medio
3425 705 3612 759 ultima

2030 786 2239 840 Domini
2267 790 2488 857 vestigia
2519 790 2657 844 coelo
2692 791 2922 860 desuper
2952 802 3191 862 patente,
3224 793 3313 848 ubi
3346 800 3608 865 ascendit,

2032 876 2303 932 visuntur.
2342 880 2472 945 Quae
2524 897 2647 936 eum
2699 884 2938 952 quotidie
2983 899 3014 938 a
3060 884 3412 942 credentibus
3464 898 3611 943 terra

2032 968 2273 1035 tollatur,
2345 971 2703 1027 nihilominus
2758 984 2961 1039 manet,
3020 976 3375 1046 eamdemque
3434 981 3611 1035 adhuc

2030 1062 2266 1127 speciem
2318 1062 2478 1116 veluti
2522 1063 2800 1133 impressis
2846 1067 3056 1135 signata
3108 1070 3351 1140 vestigiis
3400 1081 3603 1127 servat.

2031 1149 2156 1206 Haec
2185 1153 2329 1208 circa
2361 1170 2501 1209 aerea
2545 1166 2660 1211 rota
2689 1156 2835 1224 jacet
2864 1174 3035 1229 usque
3074 1161 3140 1214 ad
3172 1162 3442 1217 cervicem
3473 1165 3602 1229 alta,

2030 1243 2097 1297 ab
2127 1258 2322 1299 occasu
2375 1246 2578 1303 habens
2618 1248 2922 1317 introitum,
2970 1253 3237 1321 pendente
3291 1254 3521 1324 desuper
3550 1258 3603 1310 in

2028 1335 2287 1390 trochleis
2342 1352 2530 1406 magna
2604 1340 2868 1410 lampade,
2905 1351 3126 1411 totaque
3184 1342 3272 1396 die
3332 1360 3397 1399 ac
3452 1355 3607 1401 nocte

2030 1421 2267 1478 lucente.
2321 1424 2376 1479 ln
2410 1428 2731 1483 occidentali
2773 1428 3014 1499 ejusdem
3073 1432 3317 1488 ecclesia
3345 1444 3497 1502 parte
3529 1434 3602 1489 fe-

2029 1525 2227 1569 nestra:
2282 1528 2426 1581 octo,
2479 1521 2809 1591 totidemque
2871 1537 2901 1577 e
2958 1524 3179 1592 regione
3222 1525 3496 1593 lampades
3548 1529 3602 1581 in

2025 1604 2247 1661 funibus
2278 1610 2571 1677 pendentes
2598 1627 2771 1681 usque
2802 1612 3232 1683 Hierosolymam
3274 1630 3364 1682 per
3403 1618 3601 1670 vitrqu

2024 1697 2248 1768 fulgent,
2282 1716 2510 1770 quarum
2550 1704 2637 1757 lux
2670 1707 2832 1759 corda
2868 1705 3193 1759 intuentium
3220 1721 3338 1761 cum
3364 1708 3599 1776 quadam

2024 1792 2309 1849 alacritate
2365 1804 2417 1849 et
2473 1799 2889 1865 compunctione
2942 1797 3260 1866 pavefacere
3294 1799 3514 1853 dicitur.
3545 1800 3600 1853 In

2025 1881 2111 1937 die
2142 1883 2490 1941 Ascensionis
2520 1886 2830 1956 Dominicaa,
2851 1902 2946 1958 per
2978 1903 3148 1944 annos
3171 1889 3412 1958 singulos
3440 1891 3601 1945 missa

2025 1989 2262 2053 peracta,
2292 1980 2453 2033 validi
2504 1980 2737 2036 llatniuis
2792 1982 3029 2050 procella
3076 1983 3366 2037 desursum
3412 1983 3595 2037 venire

2021 2072 2326 2139 consuevit,
2375 2080 2428 2127 et
2477 2086 2668 2127 omnes
2711 2073 2799 2140 qui
2836 2073 2888 2127 in
2928 2073 3157 2127 ecclesia
3189 2072 3413 2138 fuerint,
3456 2082 3600 2126 terra

2022 2174 2394 2235 prosternere.
2433 2164 2565 2218 Tota
2602 2164 2670 2218 ibi
2716 2164 2805 2218 illa
2843 2175 2998 2219 nocte
3030 2165 3266 2219 lucerna:
3294 2165 3509 2228 ardent,
3541 2175 3597 2217 ut

2022 2270 2129 2309 non
2155 2255 2413 2308 illustrari
2448 2264 2681 2319 tantum,
2712 2256 2808 2309 sed
2840 2266 2894 2309 et
2924 2256 3116 2311 ardere
3152 2271 3308 2310 mons
3341 2270 3439 2325 per
3467 2271 3601 2325 sup-

2023 2350 2195 2419 posita
2254 2348 2369 2402 loca
2424 2350 2729 2403 videantur.
2767 2349 2830 2403 Et
2884 2349 3047 2419 hujus
3101 2364 3317 2419 quoque
3370 2349 3605 2404 basilica:

2023 2442 2249 2510 ﬁguram
2283 2456 2392 2509 pra:
2422 2440 2593 2495 oculis
2625 2440 2919 2510 depingere
2949 2441 3171 2509 placuit.

2482 2531 2657 2602 (Deest
2688 2533 2860 2601 figura
2886 2534 2939 2585 in
2982 2533 3135 2600 mss.)

2092 2625 2498 2680 Monumentum
2552 2624 2745 2677 Lazari
2790 2624 3020 2679 ecclesia
3072 2624 3266 2679 ibidem
3317 2634 3593 2679 exstructa

2023 2716 2383 2781 demonstrat,
2442 2725 2496 2769 et
2557 2716 2944 2770 monasterium
3006 2716 3216 2785 grande
3283 2716 3336 2769 in
3403 2730 3594 2784 campo

2021 2810 2253 2877 quodam
2302 2807 2598 2872 Bethanite,
2639 2824 2827 2877 magna
2861 2807 3133 2862 Olivarum
3188 2806 3321 2861 silva
3366 2807 3598 2860 circum-

2022 2898 2228 2953 datum.
2268 2900 2359 2951 list
2408 2909 2586 2952 autem
2635 2897 2895 2951 Bethania
2933 2896 3241 2965 quindecim
3291 2895 3483 2951 stadiis
3528 2895 3601 2950 ab

2020 2988 2344 3043 Jerusalem.
2392 2989 2576 3043 Tertia
2649 3003 2864 3057 quoque
2939 2987 3182 3056 ejusdem
3256 2985 3450 3039 montis
3527 2986 3598 3038 ad

2021 3082 2313 3139 australem
2386 3080 2667 3135 Bethania:
2742 3092 2948 3147 partem
3019 3077 3251 3133 ecclesia
3324 3085 3431 3141 est,
3504 3078 3597 3131 ubi

2022 3175 2281 3228 Dominus
2328 3184 2455 3229 ante
2502 3175 2811 3244 passionem
2860 3171 3141 3243 discipulis
3182 3172 3248 3227 de
3284 3170 3370 3225 die
3406 3170 3600 3240 judicii

2018 3263 2278 3332 loquitur.

2015 3412 2147 3470 CAP.
2182 3413 2294 3467 Vll.
2325 3442 2397 3453 —
2428 3412 2503 3466 De
2538 3414 2641 3465 situ
2693 3412 2980 3478 Bethleem,
3012 3424 3059 3467 et
3106 3417 3170 3469 de
3226 3415 3449 3469 ecclesia
3508 3415 3599 3469 ubi

2088 3494 2245 3537 natus
2275 3484 2374 3564 fuit
2414 3485 2687 3563 Dominus,
2726 3498 2771 3537 et
2799 3487 2862 3538 de
2888 3486 3141 3553 sepulcris
3176 3486 3344 3540 David
3373 3496 3422 3539 et
3464 3483 3596 3538 Hie-

2089 3570 2317 3623 γοηῃηιι,
2353 3567 2396 3606 et
2429 3565 2592 3606 trram
2625 3565 2920 3622 pastorum.

2088 3714 2383 3779 Bethleem,
2428 3729 2522 3768 sex
2572 3715 2807 3769 millibus
2876 3715 2926 3769 in
2998 3724 3240 3769 austrum
3286 3715 3356 3771 ab
3412 3714 3599 3769 Hiero-

2014 3805 2221 3875 solyma
2251 3815 2480 3871 secreta,
2514 3809 2566 3859 in
2601 3806 2762 3862 dorso
2796 3808 2897 3861 sita
2929 3817 3013 3862 est
3059 3818 3285 3877 angusto
3336 3823 3404 3861 ex
3448 3805 3598 3863 oumi

2015 3909 2170 3967 parte
2208 3897 2436 3953 vallibus
2463 3899 2821 3965 circumdato,
2842 3901 2909 3956 ab
2935 3900 3214 3956 occidente
3246 3902 3299 3955 in
3328 3901 3594 3955 orientem

2014 3986 2161 4042 mille
2212 3988 2461 4057 passibus
2509 3989 2689 4060 longa,
2741 3991 2930 4045 humili
2988 3992 3106 4045 sine
3159 3990 3398 4045 turribus
3441 4006 3597 4043 muro

2013 4095 2110 4149 per
2168 4089 2411 4137 extrema
2469 4082 2611 4152 plani
2681 4083 2903 4138 verticis
2959 4083 3259 4150 instructo,
3324 4082 3376 4136 in
3436 4080 3594 4148 cujus

2011 4172 2259 4227 orientali
2306 4175 2521 4243 angulo,
2556 4175 2711 4244 quasi
2754 4176 3024 4244 quoddam
3073 4174 3317 4229 naturale
3350 4174 3592 4228 semian-

2013 4274 2155 4319 trum
2196 4274 2297 4332 est,
2331 4268 2483 4335 cujus
2509 4271 2752 4322 exterior
2795 4284 2919 4338 pars
2969 4269 3265 4323 nativitatis
3302 4266 3591 4321 Dontiuica:

2010 4358 2179 4414 fuisse
2222 4360 2422 4414 dicitur
2473 4359 2642 4426 locus,
2686 4360 2911 4415 interior
2950 4359 3199 4429 Praesepe
3256 4359 3461 4413 Domini
3489 4374 3589 4411 no-

2011 4452 2270 4505 minatur.
2302 4450 2427 4506 Hzec
2452 4453 2707 4521 spelunca
2745 4461 2855 4507 tota
2909 4453 3134 4507 interius
3163 4453 3404 4520 pretioso
3443 4465 3591 4503 mar-

2009 4556 2160 4595 more
2194 4551 2354 4605 tecta,
2389 4556 2549 4611 Supra
2583 4543 2757 4611 ipsum
2786 4542 2961 4597 locum
3009 4544 3101 4598 ubi
3141 4544 3399 4598 Dominus
3430 4552 3589 4595 natus

2008 4632 2296 4698 Specialius
2325 4633 2578 4698 traditur,
2623 4632 2836 4688 Sancta:
2884 4634 3066 4689 Maria:
3113 4635 3372 4705 grandem
3414 4640 3593 4702 gestat

2006 4724 2315 4779 ecclesiam.
2376 4724 2534 4779 Petra
2583 4726 2736 4795 juxta
2803 4741 3016 4781 murum
3080 4736 3295 4792 cavata,
3353 4725 3588 4795 primum

2007 4816 2273 4873 Dominici
2346 4818 2589 4888 corporis
2657 4818 2932 4874 lavacrum
2998 4819 3065 4873 de
3126 4831 3281 4871 muro
3361 4815 3588 4869 missum

2004 4910 2324 4977 suscipiens,
2384 4909 2646 4964 hactenus
2696 4922 2878 4966 servat
2934 4927 2947 4965 :
3001 4925 3119 4979 qure
3175 4910 3220 4964 si
3276 4924 3380 4977 qua
3445 4907 3590 4963 forte

2003 5004 2288 5057 occasione
2318 5005 2397 5057 vel
2425 5003 2689 5057 industria
2724 5004 2886 5058 fuerit
2910 5005 3196 5066 exhausta,
3235 5000 3588 5056 nihilominus

2003 5096 2279 5161 continuo,
2333 5097 2458 5149 dttttt
2517 5098 2758 5164 respicit,
2806 5099 2946 5150 sicut
3000 5104 3122 5150 ante
3176 5095 3373 5160 fuerat,
3427 5093 3585 5162 plena

2004 5189 2285 5243 redundat.
2329 5189 2408 5242 Ad
2459 5191 2763 5258 aquilonem
2821 5190 3096 5244 Bethleem
3139 5190 3192 5244 in
3234 5189 3374 5242 Valle
3402 5186 3581 5239 conti-

2002 5294 2126 5349 gua,
2151 5280 2457 5349 sepulcrum
2483 5281 2647 5335 David
2668 5283 2717 5335 in
2734 5284 2913 5337 medio
2930 5282 3171 5336 ecclesiae
3192 5280 3375 5334 humili
3404 5277 3586 5347 lapide

2005 5370 2221 5436 tegitur,
2252 5370 2498 5439 lampade
2541 5376 2882 5441 superposita
2917 5390 2932 5426 :
2964 5375 3029 5426 ad
3079 5380 3322 5426 austrum
3357 5385 3481 5423 vero
3527 5370 3583 5421 in

2001 5460 2140 5514 valle
2178 5461 2429 5530 contigua
2462 5463 2514 5517 in
2548 5463 2803 5531 ecclesia,
2829 5471 3134 5535 sepulcrum
3161 5466 3219 5518 S.
3244 5462 3583 5529 Hieronymi.

2000 5552 2171 5609 Porro
2213 5556 2280 5611 ad
2326 5558 2588 5611 orientem
2652 5558 2702 5613 in
2763 5569 2910 5613 turre
2961 5561 3123 5623 Ailer,
3165 5558 3216 5612 id
3252 5567 3335 5612 est
3384 5559 3584 5624 gregis.

2003 5648 2147 5703 mille
2207 5649 2455 5718 passibus
2508 5664 2539 5704 a
2576 5651 2793 5707 civitate
2843 5662 3120 5723 segregata
3185 5660 3267 5705 est
3324 5650 3582 5712 ecclesia,

2006 5741 2167 5798 trium
2225 5753 2501 5814 pastorum
2562 5746 2853 5803 Dominica:
2893 5746 3195 5804 nativitatis
3236 5745 3583 5803 consciorum
