4022 6200
422 262 562 327 1185

418 385 763 431 monumenta
822 379 1120 435 continens.
1176 379 1298 435 llaec
1365 381 1680 438 relationem
1735 379 1994 449 Arcnlphi

416 468 709 523 Galliarum
733 472 970 541 episcopi
996 484 1214 529 secutus
1238 474 1486 529 dixerim.
1507 475 1773 529 Czeterum
1804 473 2000 526 Esdras

417 571 605 628 aperte
656 562 865 626 scribit,
900 564 949 616 in
1001 562 1300 619 Jerusalem
1356 566 1521 620 David
1550 582 1670 621 esse
1705 566 1999 635 sepultum,

418 653 502 703 via
542 653 709 723 regia,
746 669 865 722 qum
896 655 962 709 ab
1003 655 1144 709 [Elia
1196 656 1447 711 Chebron
1482 657 1647 722 ducit,
1686 656 1755 711 ab
1790 658 2001 712 oriente

418 743 716 807 Bethleem,
768 747 837 801 ab
884 750 1162 804 occidente
1194 752 1500 822 sepulcrum
1534 750 1733 807 Rachel
1767 752 1998 817 habens,

421 836 576 890 titulo
606 838 838 891 nominis
871 839 988 909 ejus
1020 858 1191 913 usque
1219 845 1378 901 hodie
1410 848 1701 918 signatum.

415 972 545 1027 Car.
582 972 787 1027 \‘lll.—
808 973 885 1029 De
904 977 1007 1029 situ
1035 976 1296 1103 Ceeb‘ztzln,
1328 993 1376 1036 et
1412 987 1765 1041 monumentis
1786 998 1998 1053 patrum

1058 1065 1086 1102 c
1252 1068 1358 1103 am.

1058 1065 1107 1102 ει
1166 1065 1358 1107 Λααηι.

485 1176 739 1234 Chebron
774 1181 824 1235 in
862 1187 1037 1254 campi
1067 1185 1351 1243 latitudine
1382 1190 1483 1245 sita
1530 1200 1631 1255 est,
1671 1202 1725 1247 et
1754 1194 1821 1250 ab
1852 1195 1994 1252 IElia

416 1269 603 1334 viginti
639 1272 849 1328 duobus
877 1276 1111 1332 millibus
1140 1292 1391 1349 separata
1426 1300 1438 1336 :
1473 1300 1581 1340 uno
1627 1286 1694 1340 ad
1731 1288 1993 1343 orientem

416 1360 593 1414 Stadio
652 1363 965 1430 speluncam
1028 1366 1296 1437 duplicem
1364 1372 1415 1426 in
1480 1374 1616 1430 valle
1670 1376 1852 1444 habet,
1904 1379 1993 1434 ubi

418 1452 663 1520 sepulcra
693 1456 1121 1524 patriarcharum
1156 1464 1419 1531 quadrato
1460 1482 1616 1523 muro
1648 1470 1994 1527 circumdan-

420 1552 525 1605 tur,
558 1544 825 1613 capitibus
861 1548 1030 1603 versis
1059 1550 1124 1604 ad
1160 1553 1465 1622 aquilonem
1497 1573 1510 1610 :
1541 1565 1594 1612 et
1629 1558 1743 1614 haec
1782 1561 1992 1630 singula

418 1631 646 1702 singulis
708 1642 846 1691 tecta
904 1636 1173 1709 lapidibus
1230 1644 1406 1699 instar
1476 1646 1715 1704 basilicae
1773 1650 1991 1719 dolatis,

418 1722 581 1776 trium
629 1726 1062 1793 patriarcharum
1119 1734 1365 1791 candidis
1398 1752 1413 1788 :
1444 1737 1615 1794 Adam
1663 1741 1995 1800 obscurioris

419 1822 474 1866 et
524 1814 731 1871 vilioris
778 1818 978 1888 operis,
1016 1823 1105 1891 qui
1167 1824 1310 1880 haud
1358 1827 1516 1899 longe
1554 1831 1622 1885 ab
1669 1832 1772 1888 illis
1800 1835 1865 1889 ad
1899 1836 1995 1891 bo-

422 1904 624 1997 realem
686 1920 1090 1984 extremamque
1146 1918 1286 1975 muri
1336 1919 1477 1976 illius
1535 1934 1742 1992 partem
1779 1938 1991 1997 pausat.

420 1993 609 2051 Trium
635 2014 850 2070 quoque
880 2002 1205 2061 feminarum
1239 2006 1477 2081 vilioresj
1501 2021 1555 2066 et
1598 1993 1836 2071 minores
1878 2032 1998 2073 me.

422 2091 608 2146 moria:
648 2104 967 2153 cernuntur.
997 2096 1237 2157 Mambre
1290 2104 1445 2159 collis
1491 2104 1635 2161 mille
1679 2108 1929 2176 passibus
1967 2124 1998 2165 a

421 2188 785 2241 monumentis
834 2187 918 2245 his
982 2190 1049 2245 ad
1108 2191 1351 2262 boream,
1413 2194 1679 2252 herb05us
1736 2198 1890 2253 valde
1947 2207 2001 2253 et

420 2272 666 2341 ﬂoridus,
696 2287 1058 2347 campestrem
1108 2281 1314 2338 habens
1361 2286 1411 2339 iu
1463 2288 1663 2341 vertice
1691 2288 1995 2357 planitiem,

420 2366 473 2420 in
505 2366 660 2436 cnjus
708 2369 1000 2437 aquilonali
1041 2385 1195 2442 parte
1226 2383 1460 2445 quercus
1510 2378 1745 2435 Abrahae
1771 2382 1998 2436 duorum

417 2458 697 2514 hominum
752 2463 1057 2523 altitudinis
1116 2476 1340 2523 truncus
1391 2472 1621 2527 ecclesia
1662 2475 1996 2529 circumdata

415 2560 521 2605 est.
567 2552 979 2621 Egredientibus
1023 2570 1147 2613 vero
1190 2558 1436 2617 Chebron
1478 2564 1542 2618 ad
1594 2566 1904 2634 aquilonem
1944 2567 1996 2621 in

416 2641 641 2697 sinistra
684 2654 835 2713 parte
882 2646 980 2701 vite
1030 2654 1269 2705 occurrit
1304 2670 1458 2709 mons
1511 2655 1751 2725 pinosus,
1778 2674 1996 2728 parvus,

416 2733 594 2788 tribus
627 2734 862 2791 millibus
912 2753 1169 2807 passuum
1200 2756 1229 2794 a
1257 2741 1530 2810 Chebron,
1565 2750 1706 2803 unde
1743 2748 1998 2805 llieroso-

417 2823 619 2892 lymam
669 2826 821 2892 pinea
879 2828 1020 2899 ligna
1076 2830 1326 2889 feruntur
1359 2837 1412 2890 itt
1471 2840 1741 2894 camelis:
1780 2858 1905 2896 nam
1945 2847 1995 2897 in

416 2914 564 2969 enini
592 2912 775 2970 Iudaea
809 2920 1048 2987 plausua
1085 2922 1170 2977 vel
1200 2939 1395 2981 currus
1426 2942 1554 2983 raro
1586 2930 1742 2985 liunt.

417 3078 547 3134 (ΖΔΡ.
573 3079 664 3134 1X.
701 3110 771 3121 —
804 3082 881 3136 De
922 3082 1186 3150 Hiericho,
1232 3096 1280 3141 et
1323 3087 1452 3142 locis
1502 3089 1735 3159 ejusdem
1772 3097 1992 3150 sanctis.

493 3214 745 3271 Hiericho
787 3219 855 3272 ab
909 3218 1051 3273 (Elia
1100 3221 1362 3275 orientem
1407 3240 1592 3279 versus
1625 3231 1993 3285 novemdecim

419 3309 563 3363 mille
594 3311 841 3378 passibus
881 3312 1052 3375 abest,
1076 3327 1177 3379 qua
1210 3315 1369 3368 tertio
1398 3317 1463 3369 ad
1495 3318 1666 3372 solum
1693 3322 1993 3387 destructa,

415 3401 526 3455 sola
582 3404 771 3456 demus
824 3402 973 3455 Raab
1020 3403 1089 3456 ob
1137 3406 1347 3474 signtnn
1380 3407 1502 3462 ﬁdei
1557 3423 1841 3467 remanet:
1879 3419 1996 3482 ejus

417 3493 563 3547 enim
607 3494 779 3548 adhuc
819 3496 1050 3563 parietes
1098 3496 1215 3551 sine
1264 3499 1500 3554 eulmine
1556 3502 1770 3558 durant.
1818 3505 1994 3562 Locus

418 3586 567 3641 urbis
596 3594 803 3655 segetes
835 3597 888 3641 ct
917 3588 1100 3643 vineas
1134 3591 1340 3659 recipit.
1374 3590 1515 3646 lnter
1555 3593 1691 3649 hanc
1722 3605 1775 3649 et
1805 3595 1994 3650 .lnrda-

420 3691 561 3736 nem,
586 3676 826 3745 quinque
861 3678 941 3732 vel
983 3693 1076 3733 sex
1123 3680 1191 3735 ab
1245 3695 1308 3734 ea
1364 3681 1599 3737 millibus
1661 3696 1991 3752 separatum,

417 3767 636 3836 grandia
673 3778 801 3822 sunt
850 3770 1078 3837 palmela
1133 3773 1397 3841 campulis
1454 3776 1786 3845 interpositis
1818 3789 1871 3833 et
1905 3781 1993 3833 in-

420 3859 812 3913 habitatoribus
848 3860 1192 3917 Chananaais.
1252 3864 1537 3919 Duodecim
1586 3867 1815 3938 lapides,
1854 3887 1993 3939 quos

414 3945 580 4002 Josue
606 3949 673 4003 de
697 3948 935 4005 Jordane
981 3952 1092 4006 tolli
1139 3965 1485 4022 praeceperat,
1531 3958 1581 4011 in
1607 3960 1835 4013 ecclesia
1870 3961 1995 4015 Gul-

415 4040 552 4107 galis
595 4041 735 4096 facta
792 4043 1118 4098 altrinsecus
1167 4044 1316 4112 juxta
1362 4048 1595 4114 parietes
1632 4050 1875 4119 ejusdem
1907 4054 1993 4122 ja-

412 4147 557 4199 eent,
606 4137 693 4191 vix
750 4138 945 4208 singuli
1005 4156 1153 4195 nunc
1207 4141 1419 4198 duobus
1485 4145 1618 4201 viris
1678 4147 1988 4216 clevabiles,

412 4242 642 4296 quorum
702 4245 842 4282 unus
886 4231 1069 4285 nescio
1117 4247 1224 4301 quo
1284 4248 1412 4287 casu
1460 4234 1685 4299 fractus,
1720 4239 1811 4291 sed
1846 4237 1992 4293 ferro

416 4322 717 4376 medicante
747 4320 1128 4390 reconjnnctus
1153 4333 1259 4378 est.
1289 4326 1380 4379 Est
1404 4325 1556 4393 juxta
1588 4327 1842 4383 lliericbo
1872 4329 1992 4385 toris

414 4416 548 4467 uber
577 4413 641 4467 ad
674 4422 880 4483 potum,
918 4415 1132 4484 pinguis
1160 4416 1226 4469 ad
1276 4417 1647 4488 irrigandum;
1694 4423 1784 4491 qui
1820 4438 1992 4492 quon-

411 4506 535 4561 dam
585 4506 785 4561 sterilis
829 4508 895 4561 ad
949 4508 1341 4576 generandum,
1391 4527 1578 4580 parum
1639 4514 1873 4569 salubris
1923 4515 1990 4570 ad

412 4599 731 4666 potandum,
766 4613 862 4668 per
889 4598 1143 4653 EliSteum
1194 4603 1510 4671 preplietam
1547 4604 1672 4658 dum
1708 4620 1804 4660 vas
1860 4605 1991 4660 salis

410 4690 465 4745 in
516 4708 640 4747 eum
698 4692 966 4759 mitteret,
1019 4703 1243 4749 sanatus
1299 4702 1404 4750 est.
1468 4694 1713 4765 Denique
1766 4713 1989 4767 campus

413 4783 761 4854 eircumjacet
787 4786 1126 4856 septuaginta
1157 4786 1455 4842 stadiorum
1488 4788 1540 4844 in
1569 4789 1987 4861 longitudinem.

412 4889 468 4933 et
502 4877 692 4948 viginti
746 4879 797 4933 in
838 4880 1178 4934 latitudinem
1230 4890 1443 4950 patens,
1472 4881 1523 4936 in
1559 4897 1667 4951 quo
1722 4884 1991 4939 mirabilis

414 4970 695 5026 hortorum
732 4972 925 5041 gratia,
966 4973 1118 5027 varia
1150 4972 1446 5041 palmarum
1474 4990 1695 5044 genera,
1727 4987 1984 5046 prtestan-

410 5063 607 5117 tissimi
659 5080 818 5134 apum
878 5063 1043 5118 fetus.
1093 5063 1210 5119 Illic
1261 5066 1670 5134 opobalsamum
1728 5070 1987 5141 gignitur,

409 5155 553 5223 quod
587 5154 707 5209 ideo
754 5170 873 5209 cum
920 5155 1223 5225 adjectione
1257 5158 1644 5227 significamus,
1683 5162 1810 5229 quia
1842 5163 1986 5232 agri-

408 5248 540 5301 cola:
581 5249 783 5304 cortice
833 5259 1019 5305 tenues
1053 5250 1284 5319 virgulas
1333 5252 1507 5306 acutis
1545 5251 1814 5321 lapidibus
1848 5254 1988 5310 inci-

408 5338 566 5404 dunt,
602 5339 651 5392 in
692 5339 891 5409 quibus
933 5340 1171 5396 balsama
1222 5352 1566 5408 generantur,
1618 5355 1676 5398 ut
1720 5361 1815 5415 per
1866 5347 1986 5401 illas

408 5444 670 5484 cavernas
741 5433 993 5500 paulatim
1058 5434 1326 5487 distillans
1393 5434 1587 5489 humor
1644 5451 1704 5489 se
1764 5437 1984 5506 colligat

409 5520 661 5590 lacrymis
697 5523 918 5590 pulchre
956 5525 1281 5580 rotantibus.
1312 5525 1552 5580 Caverna
1586 5539 1764 5582 autem
1790 5527 1982 5583 Graeco

408 5612 626 5664 nomine
655 5611 761 5682 ὀπὴ
790 5613 1003 5667 dicitur.
1028 5612 1134 5666 Illic
1166 5629 1409 5685 cyprum,
1431 5614 1537 5669 illic
1568 5616 1980 5673 mvrobalannm

406 5703 555 5759 nasci
594 5703 789 5759 lerunt.
835 5707 1008 5775 Aqua,
1044 5717 1100 5758 ιιι
1129 5716 1344 5774 caetera,
1373 5707 1621 5775 fontium,
1659 5709 1764 5765 illic
1796 5718 1976 5765 tamen

1461 271 1557 332 DE
1623 270 1840 331 LOClS
1888 267 2203 329 SANCTIS
2259 269 2651 332 LIBELLUS.

3558 277 3694 345 1186

2112 381 2476 450 prmstantior,
2533 390 2721 436 testate
2772 378 2989 451 frigida,
3035 380 3212 438 hieme
3272 390 3461 455 tepens
3522 405 3536 442 :
3598 404 3694 444 aer

2112 474 2347 537 tnollior,
2381 482 2436 526 ut
2472 489 2683 528 summa
2738 473 2915 530 hieme
2944 475 3105 531 lineis
3148 485 3376 531 utantur
3410 480 3695 536 indumen-

2113 564 2199 617 tis.
2229 564 2367 619 Urbs
2422 565 2533 634 ipsa
2582 564 2795 618 condita
2844 567 2896 619 in
2950 580 3166 634 campo,
3203 568 3289 621 cui
3323 570 3693 635 supereminet

2110 672 2267 711 mons
2306 656 2554 711 diﬂ'usior
2578 666 2632 711 et
2668 659 2843 712 nudus
2880 658 3211 728 gignentium
3254 677 3269 713 :
3307 675 3510 729 mgrum
3545 662 3689 716 enim

2108 760 2163 806 et
2188 751 2431 820 jejunum
2464 751 2666 815 solum,
2694 759 2748 805 et
2777 752 2895 806 ideo
2928 752 2995 805 ab
3024 752 3217 806 incolis
3262 751 3561 807 desertum.
3593 751 3693 807 llic

2110 858 2138 895 a
2197 842 2542 914 Scythopolis
2590 844 2741 899 urbis
2809 852 2974 910 terra,
3034 858 3206 914 usque
3273 846 3339 899 ad
3411 847 3687 914 regionem

2112 933 2519 989 Sodomitanam
2578 944 2632 989 et
2687 934 3001 1003 Aspbaltios
3059 936 3194 990 llnes
3251 934 3403 990 locus
3466 934 3692 989 diﬂ‘usns

2110 1026 2356 1081 habetur.
2389 1027 2666 1082 Adversus
2702 1028 2845 1082 hunc
2876 1042 3030 1082 mons
3059 1042 3221 1097 supra
3263 1026 3582 1088 .Iordanem,
3620 1028 3689 1080 ab

2114 1117 2246 1171 urbe
2278 1116 2487 1173 Juliade
2510 1134 2686 1189 usque
2716 1120 2782 1173 ad
2811 1118 3016 1174 Zoaros
3064 1120 3277 1173 Arabiae
3309 1120 3361 1173 Pi
3386 1133 3530 1174 mea:
3565 1136 3692 1173 con-

2108 1210 2369 1265 terminos
2417 1219 2691 1277 extentus,
2744 1212 2835 1265 ubi
2890 1213 3053 1265 etiam
3106 1228 3263 1267 mons
3318 1221 3400 1265 est
3456 1212 3691 1266 Ferreus

2110 1310 2469 1369 nuncupatus.
2504 1299 2650 1354 lnter
2697 1301 2795 1355 hos
2827 1300 2963 1354 duos
3007 1310 3216 1355 montes
3250 1316 3471 1369 campus
3515 1302 3687 1370 jacet,

2108 1409 2267 1463 quem
2293 1403 2499 1447 veteres
2528 1391 2777 1462 Magnum
2807 1390 3166 1462 appellavere,
3194 1392 3461 1447 Ilebraice
3504 1404 3684 1447 autem

2108 1485 2319 1550 Aulon;
2358 1484 2515 1555 cujus
2559 1485 2841 1556 longitudo
2901 1486 3260 1540 ducentorum
3308 1486 3527 1555 triginta
3575 1497 3690 1540 sxa-

2109 1578 2343 1645 diorum,
2379 1578 2604 1632 latitudo
2658 1587 2872 1633 centum
2916 1577 3106 1647 viginti
3142 1594 3155 1632 :
3188 1576 3476 1631 exordium
3514 1592 3543 1629 a
3572 1577 3691 1630 vico

2111 1670 2454 1738 Cennahara,
2487 1671 2611 1725 ﬂuis
2640 1685 2813 1741 usque
2852 1670 2917 1723 ad
2949 1668 3289 1737 Asplialtium
3339 1668 3538 1727 lacum.
3569 1667 3689 1722 Jor-

2110 1762 2263 1817 danis
2307 1776 2431 1817 eum
2493 1763 2727 1816 medium
2794 1763 3107 1825 intersecat,
3142 1760 3505 1815 viridantibus
3560 1761 3691 1830 ripis

2108 1854 2347 1910 ﬂuminis
2389 1854 2678 1919 alluvione,
2708 1853 2974 1922 siquidem
3026 1866 3191 1920 super
3244 1852 3390 1920 ripas
3424 1850 3686 1920 ejusdem,

2111 1945 2319 2000 fructus
2373 1946 2626 2000 arborum
2676 1944 2892 1998 uberior
2942 1951 3043 2009 est,
3076 1941 3210 1997 alias
3251 1941 3411 2012 longe
3437 1940 3630 1996 exilior
3670 1959 3685 1996 :

2110 2038 2257 2093 arida
2286 2038 2428 2093 enim
2453 2044 2577 2092 sunt
2603 2035 2783 2091 omnia
2816 2042 3016 2106 praeter
3046 2048 3200 2089 oram
3228 2032 3485 2088 ﬂuminis.

2108 2197 2236 2252 Car.
2278 2196 2345 2251 Χ.
2386 2226 2456 2237 -
2483 2195 2559 2251 De
2583 2194 2918 2319 Iordane};
2946 2194 3085 2249 mari
3117 2192 3357 2251 Galila'te
3394 2192 3502 2249 sire
3533 2192 3688 2248 Tibe-

2803 2283 2880 2319 rta
2923 2283 3003 2319 os.

2803 2283 3003 2321 ηααοε.

2176 2402 2350 2473 Ipsius
2380 2400 2634 2458 Iordanis
2670 2402 2953 2458 exordium
2988 2400 3148 2472 vulgo
3200 2408 3420 2469 putatur
3456 2399 3511 2452 in
3556 2412 3685 2468 pro-

2105 2493 2281 2547 vincia
2335 2494 2613 2556 Pltmnice,
2663 2491 2727 2545 ad
2794 2492 3001 2545 radices
3063 2490 3261 2544 montis
3316 2488 3528 2551 Libani,
3590 2488 3679 2541 ubi

2106 2585 2358 2650 Panium,
2395 2585 2447 2639 id
2478 2594 2557 2640 est
2585 2584 2832 2639 Cresarea
2866 2583 3117 2652 Philippi,
3145 2582 3250 2636 sita
3286 2590 3392 2635 est.
3427 2580 3583 2636 Unde
3628 2588 3687 2634 et

2107 2679 2247 2733 idem
2309 2678 2556 2742 Panium,
2591 2678 2693 2731 hoc
2752 2684 2857 2741 est,
2892 2676 3167 2745 spelzeum,
3212 2688 3309 2742 per-
3365 2672 3506 2741 quod
3564 2687 3686 2727 sese

2107 2771 2304 2825 attollit
2328 2769 2603 2835 Iordanis,
2633 2783 2661 2821 a
2699 2782 2824 2837 rege
2850 2766 3087 2838 Agrippa
3135 2766 3334 2819 decore
3378 2762 3683 2817 admirabili

2107 2873 2447 2917 exsuuctum
2502 2870 2954 2927 venustatumqne
2993 2856 3325 2926 accepimus.
3374 2854 3468 2909 Est
3500 2864 3680 2908 autem

2107 2954 2158 3009 in
2201 2950 2590 3007 Traehonitide
2623 2959 2767 3005 terra
2799 2950 2921 3004 l'ons
2972 2956 3103 3002 rota:
3149 2946 3465 3015 qualitatem
3499 2943 3685 3012 expri-

2107 3066 2279 3116 mens,
2314 3050 2454 3103 unde
2484 3057 2536 3103 et
2564 3047 2764 3102 PhialJ:
2813 3060 3005 3100 nomen
3053 3044 3281 3112 accepit,
3316 3041 3624 3112 quindecim
3652 3055 3683 3093 a

2105 3143 2348 3199 Ctesarea
2404 3140 2642 3195 millibus
2691 3152 2949 3208 passuum
2999 3136 3292 3199 discretus,
3342 3134 3416 3188 ita
3477 3132 3686 3202 jtlgilt'l‘

2105 3236 2298 3305 plenus
2330 3248 2616 3303 aquarum,
2651 3241 2710 3285 ut
2745 3244 2920 3299 neque
2977 3227 3333 3295 superﬂuant,
3372 3238 3547 3294 neque
3576 3238 3680 3276 un-

2103 3343 2269 3398 quam
2333 3327 2666 3379 minuantnr.
2723 3320 2781 3377 In
2843 3322 2987 3375 hunc
3042 3320 3327 3388 Philippus
3381 3318 3685 3371 tetrarches

2102 3420 2345 3486 ejusdem
2384 3417 2617 3483 regionis
2662 3415 2845 3484 paleas
2896 3414 3066 3477 misit,
3101 3427 3236 3480 quas
3284 3411 3336 3464 in
3375 3409 3542 3463 Panio
3580 3407 3686 3460 ﬂu-

2104 3509 2221 3562 vins
2270 3507 2532 3561 ebullivit.
2589 3504 2744 3560 Unde
2797 3504 2968 3574 liquet
3018 3505 3071 3557 in
3107 3503 3293 3556 Phiala
3349 3500 3677 3570 principium

2103 3615 2223 3655 esse
2283 3598 2557 3664 Iordanis,
2609 3598 2702 3652 sed
2739 3606 2858 3667 post
2905 3597 3295 3650 subterraneos
3356 3605 3567 3650 meatus
3627 3595 3679 3648 in

2103 3692 2275 3747 Panio
2303 3691 2535 3760 cmpisse
2569 3690 2850 3752 ﬂuentum,
2884 3689 2974 3758 qui
3009 3704 3132 3742 mox
3168 3689 3339 3744 lacum
3377 3689 3682 3759 ingressus,

2102 3784 2328 3854 paludes
2363 3784 2482 3852 ejus
2517 3782 2810 3836 intersecat
2841 3799 2854 3834 :
2890 3780 3012 3835 inde
3044 3795 3258 3850 quoque
3315 3794 3507 3834 cursus
3553 3794 3683 3834 suos

2103 3878 2365 3949 dirigens,
2405 3876 2712 3947 quindecim
2749 3876 2912 3930 millia
2959 3890 3217 3944 passuum
3269 3874 3387 3928 sine
3440 3873 3543 3927 ulla
3597 3873 3682 3927 itt-

2108 3969 2403 4023 terfusione
2428 3966 2771 4038 progreditur
2796 3980 2969 4035 usque
2990 3969 3053 4018 ad
3080 3963 3267 4018 urbem
3288 3962 3371 4017 cui
3390 3961 3563 4016 Julias
3586 3976 3682 4016 no-

2104 4074 2225 4113 men
2249 4068 2365 4114 est:
2386 4067 2571 4128 postea
2594 4056 2764 4111 laeum
2785 4053 3027 4109 Genesar
3045 4055 3223 4108 medio
3241 4053 3434 4107 transit
3451 4051 3677 4107 ﬂuento.

2106 4150 2257 4206 Unde
2283 4150 2513 4218 plurima
2557 4150 2992 4217 circumvagatus
3024 4145 3393 4211 Asphaltium,
3434 4144 3538 4198 hoc
3571 4151 3679 4208 est,

2100 4242 2369 4295 Mortuum
2406 4256 2556 4296 mare
2605 4241 2903 4309 ingressus,
2939 4237 3236 4292 laudabiles
3277 4235 3455 4305 prodit
3485 4249 3678 4304 aquas.

2100 4334 2193 4387 Est
2226 4334 2368 4387 enim
2397 4332 2590 4386 coloris
2622 4332 2752 4397 albi,
2789 4331 2931 4384 sicut
2959 4329 3062 4396 lac,
3094 4338 3148 4383 et
3183 4330 3252 4382 ob
3289 4330 3387 4381 hoc
3439 4327 3490 4381 in
3539 4326 3678 4381 mari

2098 4426 2317 4481 Mortuo
2341 4425 2496 4495 longo
2524 4425 2740 4478 tramite
2774 4422 3118 4476 discernitur.
3152 4420 3245 4475 Est
3279 4426 3459 4473 autem
3498 4416 3679 4474 Gene-

2100 4536 2212 4584 sar,
2252 4520 2302 4573 id
2335 4528 2437 4585 est,
2479 4533 2629 4572 mare
2682 4515 2918 4571 Galilacte
2977 4515 3190 4584 magnis
3239 4514 3390 4567 silvis
3442 4512 3680 4567 circum-

2101 4614 2315 4676 datum,
2349 4613 2401 4665 in
2432 4611 2765 4679 longitudine
2813 4609 3017 4663 habens
3053 4616 3267 4662 centum
3318 4604 3681 4676 quadraginta

2099 4705 2273 4760 stadia
2306 4719 2459 4773 aqua:
2490 4702 2682 4767 dulcis,
2716 4712 2768 4756 et
2799 4701 2863 4754 ad
2910 4701 3204 4770 potandum
3239 4698 3457 4753 habilis.
3495 4695 3679 4766 Siqui-

2100 4796 2225 4850 dem
2280 4809 2381 4849 nec
2440 4794 2698 4863 palustris
2755 4792 2973 4860 uliginis
3025 4806 3268 4845 crassqu
3330 4790 3532 4859 aliquid
3586 4800 3679 4843 aut

2102 4889 2376 4943 turbidum
2412 4887 2621 4956 recipit,
2652 4885 2779 4954 quia
2807 4898 3034 4938 arennso
3068 4884 3305 4952 undique
3342 4884 3525 4937 littore
3562 4884 3674 4937 cir-

2097 4982 2441 5036 cumvenitur
2472 4996 2485 5031 :
2522 4978 2617 5035 sed
2667 4987 2721 5032 et
2772 4977 3003 5032 arumnis
3030 4978 3403 5031 circumdatur
3438 4975 3675 5044 appidis,

2097 5073 2165 5126 ab
2192 5072 2402 5126 oriente
2425 5070 2639 5126 Juliade
2678 5080 2732 5124 et
2763 5069 2957 5138 llippo,
2989 5070 3055 5122 ab
3083 5068 3365 5121 occidente
3392 5066 3678 5120 Tiberiade

2098 5164 2254 5233 aquis
2289 5164 2479 5218 calidis
2517 5162 2716 5217 salubri
2742 5182 2754 5216 :
2776 5176 2970 5231 genera
3005 5176 3219 5230 quoque
3261 5160 3489 5229 piscium
3520 5171 3675 5228 gustu

2095 5268 2147 5309 et
2178 5256 2358 5325 specie
2389 5270 2550 5325 quam
2580 5255 2631 5308 iu
2675 5254 2778 5307 alio
2808 5254 2924 5306 lacu
2961 5253 3360 5307 ortestantiora.

2094 5416 2221 5472 Car.
2260 5414 2349 5470 .\'l.
2382 5446 2451 5455 —
2483 5416 2557 5471 De
2603 5416 2739 5468 mari
2782 5415 3013 5473 Mortuo.
3044 5425 3093 5469 et
3142 5426 3337 5468 natura
3383 5413 3520 5482 ejus,
3572 5414 3676 5467 sire

2628 5487 2922 5554 adjacentis
2957 5498 3132 5539 terrm.

2163 5619 2315 5675 Mare
2351 5618 2618 5675 Mortuum
2646 5620 2983 5691 longitudine
3016 5610 3325 5674 stadiorum
3347 5618 3672 5688 quingento-

2108 5729 2225 5769 rum
2254 5716 2524 5785 octOginta
2562 5730 2730 5786 usque
2775 5716 2841 5772 ad
2875 5712 3079 5770 Zoaros
3126 5714 3358 5780 Arabite,
3390 5712 3677 5768 latitudine
