4054 6190
354 301 489 365 1187

350 425 567 470 centum
602 409 989 482 quinquaginta
1021 422 1188 479 usque
1226 408 1293 464 ad
1342 409 1516 461 vicina
1567 404 1928 461 Sodomorum

353 504 712 577 protenditur.
744 502 878 557 Nam
915 512 968 558 et
996 503 1060 557 de
1102 501 1277 571 puteis
1304 499 1575 568 quondam
1630 496 1757 552 salis
1810 504 1931 565 post

351 602 599 656 Sodoma:
651 608 703 652 et
758 593 1075 651 Gomorrba:
1126 604 1182 647 ct
1236 593 1516 646 civitatum
1582 590 1930 643 finitimarum

351 693 780 749 combuStionem
817 690 1111 743 inundasse
1156 686 1521 741 certissimum
1557 694 1659 738 est.
1697 684 1934 752 Apparet

349 799 481 839 vero
516 783 702 853 procul
734 782 800 836 de
842 779 1056 849 specula
1091 778 1288 832 montis
1322 774 1515 830 Olivcti
1562 773 1929 835 cernentibus,

353 877 495 941 quod
537 874 795 928 ﬂuctuum
852 870 1129 925 collisione
1178 878 1529 930 commotum,
1567 864 1929 921 salsissitnum

353 968 498 1037 cjicit
550 967 648 1029 sal,
703 975 757 1019 et
813 965 913 1017 hoc
969 961 1081 1016 sole
1136 960 1394 1014 siccatum
1429 957 1709 1025 accipitur,
1748 956 1932 1008 multis

352 1061 552 1127 ubique
602 1059 910 1112 nationibus
945 1056 1306 1125 profuturum.
1338 1054 1507 1105 Aliter
1553 1065 1678 1103 vero
1714 1050 1763 1101 in
1798 1063 1932 1115 quu-

351 1155 471 1204 dam
511 1151 692 1204 Sit-nlo
730 1160 911 1203 monte
944 1148 1023 1203 sal
1060 1147 1173 1201 fieri
1212 1146 1428 1208 dicitur,
1471 1144 1557 1196 ubi
1609 1140 1837 1209 lapides,
1866 1139 1933 1191 de

354 1255 494 1298 terra
557 1244 747 1307 evulsi,
802 1258 984 1296 verum
1042 1239 1395 1294 salsissimnm
1458 1235 1559 1297 sal,
1617 1242 1670 1288 et
1723 1231 1933 1285 cunctis

354 1336 538 1389 usibus
589 1334 927 1403 aptissimum
967 1331 1263 1398 praebeant,
1299 1328 1438 1395 quod
1476 1340 1596 1380 esse
1642 1323 1723 1377 Sal
1772 1334 1931 1376 terra:

354 1428 575 1480 dicitur.
634 1425 903 1478 Mortuum
952 1430 1132 1475 autem
1184 1433 1332 1472 tnare
1393 1416 1724 1485 appellatur,
1790 1411 1933 1480 quod

355 1518 491 1572 nihil
548 1517 770 1585 recipiat
822 1528 1078 1584 generum
1134 1507 1455 1571 viventium,
1507 1522 1682 1575 neque
1734 1506 1931 1573 pisces,

355 1626 527 1680 neque
562 1620 809 1665 assuetas
830 1606 986 1676 aquis
1011 1620 1172 1670 aves;
1205 1603 1342 1657 tauri
1370 1602 1673 1670 camelique
1696 1598 1930 1652 ﬂuitent.

358 1707 597 1773 Denique
647 1706 689 1758 si
748 1701 998 1755 Jordanis
1053 1710 1245 1753 auctus
1298 1696 1560 1751 imbribus
1600 1694 1775 1764 pisces
1809 1692 1935 1745 illuc

356 1799 585 1853 inﬂuens
646 1797 906 1865 rapuerit,
937 1792 1120 1848 statim
1172 1791 1498 1851 moriuntur,
1544 1797 1595 1842 et
1650 1786 1935 1856 pinguibus

356 1892 510 1962 aquis
592 1895 968 1957 supernatant.
1031 1884 1332 1939 Lucernam
1410 1896 1692 1936 accensam
1753 1878 1937 1932 ferunt

352 1993 710 2051 supernatare
759 1980 877 2033 sine
917 1974 1023 2031 ulla
1079 1975 1456 2041 conversione,
1512 1988 1608 2027 nec
1661 1972 1935 2026 exstincto

352 2077 592 2142 demergi
630 2073 832 2126 lumine
866 2089 880 2126 :
918 2071 1048 2137 quin
1076 2078 1129 2122 et
1162 2084 1257 2121 Vas
1286 2070 1585 2121 demersum
1613 2076 1729 2117 arte
1762 2062 1934 2132 quali-

356 2170 444 2223 Let
474 2168 689 2223 diﬂicile
721 2168 926 2220 bterere
956 2165 1009 2216 in
1042 2160 1642 2231 profundo,omniaque
1674 2156 1932 2219 virentia,

357 2267 600 2314 demersa
634 2259 757 2312 licet
786 2272 839 2311 et
870 2255 1219 2310 vehementer
1266 2253 1423 2316 illisa,
1460 2252 1641 2306 statim
1678 2249 1887 2304 resilire
1918 2266 1932 2303 :

357 2352 587 2419 denique
648 2348 1036 2416 Vespasianum
1089 2346 1430 2414 prazcepisse,
1483 2340 1647 2395 nandi
1720 2342 1936 2406 ignaros

359 2442 612 2498 revinctis
678 2440 929 2493 nranibus
991 2438 1044 2491 in
1099 2436 1426 2506 profundum
1491 2431 1675 2501 dejici,
1733 2444 1938 2499 eosque

348 2552 545 2589 milites
601 2533 742 2587 illico
793 2519 1197 2601 supernatasse.
1236 2528 1386 2596 Aqua
1449 2527 1560 2595 ipsa
1616 2523 1821 2579 sterilis
1882 2535 1936 2579 et

356 2642 562 2693 amara,
594 2626 913 2692 ueterisque
939 2622 1093 2691 aquis
1122 2620 1424 2680 obscurior,
1452 2629 1503 2672 et
1537 2616 1695 2687 quasi
1724 2616 1934 2668 adusta:

352 2719 647 2789 pra'fereus
674 2713 1107 2769 similitudinem.
1138 2708 1328 2780 Vagari
1375 2725 1537 2777 super
1576 2721 1746 2777 aquas
1795 2707 1935 2760 bitu-

358 2811 519 2865 minis
544 2810 727 2879 glebas
760 2815 968 2861 certum
1002 2813 1083 2858 est
1131 2813 1247 2856 atro
1281 2802 1510 2869 liquore,
1543 2816 1678 2871 quas
1719 2800 1935 2866 scaphis

351 2904 855 2973 appmpinquantes
913 2898 1191 2966 colligunt.
1261 2893 1477 2948 llaarere
1532 2892 1633 2947 sibi
1694 2892 1935 2945 bitumen

354 2998 546 3061 fertur,
582 3003 636 3048 et
673 3007 1011 3061 nequaquam
1052 2989 1196 3043 ferro
1251 2984 1496 3057 przecidi,
1531 2985 1778 3054 sanguini
1814 2995 1937 3038 tan-

352 3096 473 3140 tum
506 3085 789 3139 mulierum
824 3090 1101 3135 menstruo
1133 3080 1212 3134 vel
1239 3080 1408 3132 urinae
1436 3079 1667 3133 cedere:
1699 3076 1828 3129 utile
1852 3084 1937 3129 est

355 3188 537 3231 autem
568 3177 633 3228 ad
666 3189 976 3241 compagem
1009 3172 1249 3236 navium,
1283 3171 1362 3223 vel
1413 3170 1731 3238 corporibus
1760 3168 1935 3221 homi-

359 3285 484 3322 num
523 3266 825 3320 medendis.
853 3265 1045 3317 Servat
1075 3265 1251 3315 adhnc
1282 3263 1428 3331 regio
1456 3262 1692 3330 Speciem
1725 3274 1933 3329 pteaac:

358 3370 658 3413 nascuntur
708 3358 852 3411 enim
923 3354 992 3408 ibi
1058 3368 1215 3422 perna
1280 3352 1666 3421 pulcherrima,
1700 3369 1819 3423 qua:
1882 3365 1938 3409 et

354 3451 548 3507 edendi
606 3450 952 3517 cupiditatem
994 3445 1371 3515 spectantibus
1404 3454 1665 3513 generant
1696 3461 1711 3499 :
1742 3445 1787 3499 si
1813 3460 1937 3499 car-

356 3561 473 3613 pas,
502 3542 759 3596 fatiscnnt
789 3556 852 3595 ac
884 3539 1226 3594 resolvuntur
1253 3538 1306 3590 in
1336 3539 1597 3603 cinerem,
1626 3538 1939 3607 l'unnnnque

355 3637 615 3698 excitant,
670 3634 824 3704 quasi
886 3634 1065 3687 adhuc
1126 3635 1378 3685 ardeant.
1440 3632 1583 3685 Sane
1639 3632 1691 3685 itt
1749 3633 1939 3685 diebus

355 3728 561 3783 :cstatis
612 3725 933 3780 immodicus
965 3739 1060 3792 per
1092 3725 1264 3792 spatia
1310 3722 1485 3792 campi
1519 3733 1711 3776 aestuat
1748 3740 1936 3791 vapor,

359 3820 502 3875 unde
524 3831 578 3875 et
605 3819 939 3874 coalescente
962 3817 1092 3871 vitio
1123 3817 1301 3869 nimiae
1323 3817 1587 3871 siccitatis
1606 3824 1768 3886 atque
1792 3815 1937 3868 humi

359 3917 525 3970 arida:
583 3913 890 3982 corruptior
940 3926 1034 3966 aer
1089 3909 1427 3965 miserandas
1483 3910 1675 3965 incolis
1718 3906 1939 3963 contieit

355 4008 727 4081 aegritudines.

357 4188 489 4241 Car.
522 4185 637 4239 XII.
672 4214 740 4225 --
762 4184 838 4238 De
869 4185 981 4238 loco
1018 4185 1070 4238 in
1100 4198 1199 4253 quo
1231 4182 1526 4252 baptizatus
1557 4192 1628 4235 est
1663 4182 1938 4235 Dominus.

432 4369 488 4423 ιι.
547 4369 685 4429 loco,
745 4369 797 4421 in
854 4382 961 4436 quo
1023 4365 1282 4418 Dominus
1335 4363 1640 4433 baptizatus
1672 4348 1941 4429 est,'crux

361 4463 535 4532 lignea
594 4472 702 4515 stat
751 4475 924 4529 usque
964 4459 1031 4512 ad
1076 4457 1274 4510 collum
1303 4455 1430 4519 alta,
1467 4470 1588 4525 quae
1615 4456 1940 4525 aliquotiens

359 4572 499 4623 aqua
535 4554 953 4607 transcendente
1004 4550 1355 4603 absconditur
1388 4564 1401 4600 :
1439 4564 1467 4601 a
1504 4562 1609 4615 quo
1656 4547 1772 4602 loco
1823 4550 1935 4617 ripa

361 4649 607 4712 ulterior,
642 4648 693 4701 id
726 4655 828 4710 est,
856 4644 1136 4698 orientalis
1168 4643 1221 4695 in
1266 4642 1414 4710 jactu
1464 4643 1647 4697 fundae
1675 4652 1777 4707 est,
1812 4644 1942 4695 cite-

362 4742 473 4794 rior
503 4755 629 4794 vero
676 4738 790 4807 ripa
827 4738 877 4791 in
913 4736 1205 4803 supercilio
1258 4735 1534 4789 mouticuli
1587 4736 1791 4804 grande
1821 4750 1939 4786 mo-

362 4833 662 4886 nasterium
723 4838 900 4899 gestat
960 4828 1025 4882 Β.
1094 4825 1317 4881 Joannis
1383 4825 1637 4896 Baptism:
1711 4828 1939 4882 ecclesia

359 4926 599 4989 clarum;
661 4922 729 4977 de
781 4939 887 4991 quo
932 4936 1029 4991 per
1092 4931 1309 4989 pontem
1376 4922 1609 4974 arcubus
1665 4921 1939 4975 sulfultnnt

360 5020 537 5071 solent
582 5018 910 5071 descendere
965 5015 1031 5068 ad
1091 5013 1236 5067 illam
1290 5028 1533 5074 crucem,
1564 5021 1620 5065 ct
1666 5029 1845 5067 orare.
1883 5011 1938 5066 lu

359 5122 604 5163 extrema
662 5106 899 5159 ﬂuminis
955 5117 1139 5175 parte,
1194 5107 1459 5173 quadrata
1524 5101 1752 5154 ecclesia
1826 5112 1938 5163 est,

358 5213 594 5271 quatuor
640 5198 865 5267 lapideis
912 5197 1126 5250 Caucris
1179 5194 1538 5263 superpOsita,
1584 5195 1761 5247 coctili
1793 5206 1939 5246 creta

363 5298 594 5361 desuper
624 5300 788 5355 tecta,
817 5291 905 5343 ubi
935 5290 1147 5343 Domini
1188 5288 1512 5341 vestimenta
1546 5303 1667 5340 cum
1695 5289 1939 5357 baptiza-

363 5401 515 5440 retur
560 5394 772 5439 servata
830 5396 953 5436 esse
1010 5382 1284 5435 dicuntur.
1321 5378 1472 5433 Hanc
1525 5394 1633 5433 non
1696 5381 1941 5435 homines

364 5479 594 5542 intrare,
633 5476 727 5532 sed
774 5475 1011 5545 undique
1059 5475 1278 5542 cingere
1318 5488 1383 5526 ac
1418 5482 1706 5542 penetrare
1741 5474 1938 5528 solent.

363 5572 444 5623 Ab
474 5586 538 5623 eo
568 5571 706 5634 loco,
733 5585 840 5639 quo
864 5572 928 5623 de
956 5567 1203 5621 faucibus
1236 5566 1398 5618 maris
1427 5564 1660 5619 Galiliete
1689 5564 1943 5620 Iordanis

365 5671 498 5725 emt,
537 5678 705 5729 usque
736 5663 825 5717 ubi
860 5677 1009 5716 mare
1042 5658 1311 5716 Morinum
1342 5658 1528 5724 intrat,
1560 5668 1684 5715 octo
1731 5659 1940 5713 dierum

370 5752 472 5804 iter
504 5762 609 5805 cst.
1702 5735 1717 5743 ’
1744 5737 1811 5747 ””

1274 299 1375 358 AD
1418 293 1852 356 MAR'l‘YllOL.
1898 293 2115 351 BEDJ'Z
2157 288 2652 353 APPENDICES.

3483 281 3623 348 1188

2042 400 2172 457 Car.
2206 399 2341 455 Xlll.
2374 430 2443 439 —
2476 399 2552 452 De
2583 399 2798 469 locustis
2833 410 2878 452 et
2913 398 3065 451 melle
3097 396 3356 467 sylvestri,
3395 406 3443 453 et
3479 399 3625 469 [ante

2465 471 2633 524 sancti
2655 468 2880 523 Joannis
2920 469 3196 539 Baptism.

2111 591 2390 645 Minimum
2437 605 2606 660 genus
2660 586 2987 641 locustarum
3020 585 3208 651 fuisse,
3237 578 3344 657 quo
3383 585 3623 641 Joannes

2040 686 2279 755 Baptista
2315 695 2499 753 pastus
2529 692 2630 746 cst,
2669 697 2841 749 usque
2875 680 3033 735 hodie
3060 691 3307 748 apparet,
3344 695 3465 749 quae
3500 698 3624 734 cor-

2043 776 2282 847 pusculis
2328 777 2377 828 in
2426 776 2643 828 modum
2676 774 2826 843 digiti
2860 788 3052 827 manus
3086 772 3317 827 exilibus
3356 782 3410 826 et
3437 772 3619 826 brevi—

2045 885 2131 929 ns.
2171 869 2225 922 iu
2261 865 2448 920 herbis
2486 866 2643 921 facile
2679 876 2871 934 captae,
2916 875 3196 931 (εοεῑωιιιιιξ
3239 865 3288 917 in
3326 864 3445 917 oleo
3477 879 3613 933 pau-

2042 977 2227 1032 perem
2286 962 2525 1031 praebent
2574 960 2797 1013 victum.
2855 958 2912 1013 lu
2971 958 3159 1013 eodem
3215 958 3434 1011 deserto
3492 967 3623 1011 sunt

2042 1056 2286 1115 arbores,
2346 1052 2469 1105 folia
2534 1051 2638 1104 lata
2694 1061 2745 1104 et
2805 1049 3030 1102 rotunda
3102 1048 3256 1101 lactei
3319 1048 3515 1101 coloris
3567 1056 3623 1099 et

2044 1147 2228 1201 melliti
2294 1146 2503 1214 saporis
2578 1144 2860 1206 habentes,
2925 1156 3045 1211 qua:
3120 1150 3312 1193 natura
3384 1138 3617 1208 fragilia,

2044 1240 2292 1294 manibus
2347 1238 2718 1292 confricantur
2775 1244 2830 1289 et
2876 1235 3130 1287 eduntur.
3180 1230 3293 1284 Hoc
3342 1246 3462 1285 esse
3516 1230 3622 1282 mel

2043 1330 2306 1400 sylveStre
2337 1330 2549 1382 dicitur.
2575 1326 2774 1380 Ibidem
2799 1335 2852 1378 et
2878 1325 3001 1378 fons
3030 1323 3088 1376 S.
3108 1320 3338 1374 Joannis
3369 1318 3624 1387 Baptism:

2042 1421 2347 1474 ostenditur
2375 1418 2547 1473 lucida
2581 1434 2741 1486 aqua,
2764 1414 2971 1484 lapideo
2995 1423 3270 1483 protectus
3301 1421 3443 1465 tecto
3476 1409 3624 1464 calce

2043 1512 2259 1582 perlito.

2189 1646 2317 1703 CAP.
2368 1645 2505 1700 XIV.
2531 1675 2601 1685 —
2625 1645 2700 1698 De
2730 1644 2870 1715 [ante
2895 1642 3058 1697 Iacob
3077 1645 3239 1711 juxta
3262 1638 3483 1694 Sic/tem.

2116 1761 2290 1831 Prope
2341 1761 2615 1815 civitatein
2687 1760 2929 1824 Sichem,
2988 1773 3111 1827 quae
3166 1771 3311 1810 nunc
3363 1753 3624 1823 Neapolis

2046 1855 2263 1922 dicitur,
2307 1855 2538 1909 ecclesia
2584 1850 2884 1922 quadrifida
2918 1860 3018 1916 est,
3053 1854 3153 1904 hoc
3208 1858 3313 1912 est,
3352 1847 3403 1901 in
3441 1846 3624 1901 crucis

2047 1950 2265 2002 modum
2323 1948 2487 2002 facta.
2523 1948 2579 2001 ln
2611 1945 2768 2013 enjus
2802 1945 2979 1999 medio
3029 1942 3148 1997 fons
3190 1940 3358 1995 Jacob
3389 1939 3626 2009 quadra-

2045 2043 2192 2111 ginta
2222 2040 2420 2095 cubitis
2455 2041 2610 2106 altus,
2641 2057 2667 2091 ιι
2709 2040 2879 2093 latere
2908 2039 3023 2106 ipso
3048 2052 3215 2104 usque
3247 2034 3313 2086 ad
3345 2047 3618 2088 sumnmm

2046 2135 2333 2204 digitorum
2356 2133 2615 2196 extentis,
2655 2133 2720 2186 de.
2750 2148 2856 2201 quo
2898 2129 3153 2184 Dominus
3174 2141 3343 2198 aquas
3374 2141 3402 2179 a
3429 2123 3623 2179 Sarna-

2044 2227 2222 2281 ritana
2252 2225 2475 2280 muliere
2504 2233 2686 2295 petere
2709 2224 2962 2294 dignatus
2990 2231 3092 2277 est.

2044 2381 2173 2438 Car.
2212 2380 2324 2437 XV.
2355 2410 2426 2421 -—-
2455 2380 2526 2433 De
2552 2378 2831 2434 Tiberiade
2864 2388 2910 2431 et
2946 2377 3400 2447 Capharnaum,el
3433 2375 3628 2430 Nexa-

2408 2452 2541 2516 retlt,
2572 2463 2620 2504 et
2654 2451 2779 2504 locis
2828 2450 3012 2505 itidem
3052 2449 3273 2503 sanctis.

2118 2562 2292 2618 Locus
2318 2563 2369 2616 in
2400 2578 2508 2632 quo
2533 2561 2792 2615 Dominus
2820 2575 2988 2629 panes
3039 2557 3316 2614 benedixit
3356 2568 3412 2613 et
3440 2558 3622 2627 pisces

2045 2658 2182 2713 citra
2220 2671 2368 2710 mare
2414 2654 2664 2718 Galilacte,
2696 2653 2761 2705 ad
2808 2652 3113 2720 aquilonem
3168 2650 3402 2706 civitatis
3456 2649 3620 2703 Tibe-

2048 2751 2235 2813 riadis,
2264 2763 2487 2817 campus
2515 2756 2597 2801 est
2627 2746 2891 2800 herbosus
2914 2754 2967 2799 et
2998 2744 3210 2814 planus,
3244 2757 3511 2812 nunquam
3547 2759 3615 2794 ex

2048 2842 2137 2895 illo
2193 2850 2433 2909 tempore
2478 2848 2702 2900 aratus,
2768 2838 2948 2890 nullus
3002 2835 3309 2903 suscipiens
3366 2832 3619 2896 aedilicia,

2046 2935 2248 2990 fontem
2304 2944 2536 2998 tantum,
2567 2947 2633 2984 ex
2685 2948 2790 2998 quo
2841 2938 2969 2983 tunc
3002 2929 3076 2982 illi
3128 2927 3404 2990 biberunt,
3436 2938 3625 2980 osten-

2047 3026 2198 3080 dens.
2226 3023 2324 3091 Qui
2365 3038 2494 3090 ergo
2532 3024 2599 3077 ab
2638 3020 2781 3075 Elia
2825 3021 3201 3088 Capharnanm
3248 3029 3492 3089 pergunt,
3522 3035 3623 3085 per

2047 3114 2386 3170 Tiberiadem
2423 3115 2526 3168 iter
2559 3115 2777 3176 habent,
2811 3113 3003 3167 deinde
3061 3125 3217 3166 secus
3265 3126 3414 3165 utare
3476 3110 3630 3165 Cili-

2048 3207 2180 3273 ltea‘,
2212 3217 2269 3260 et
2320 3206 2498 3261 locum
2553 3204 2951 3260 benedictionis
3006 3218 3235 3283 panum’;
3267 3220 3295 3256 ει
3346 3219 3452 3270 quo
3507 3219 3617 3256 non

2046 3300 2204 3369 longe
2234 3300 2619 3369 Capharnanm
2661 3299 2717 3352 in
2751 3297 2945 3350 finibus
2973 3294 3214 3349 Zabnlon
3246 3304 3301 3349 et
3343 3292 3620 3361 Nephtlm-

2049 3390 2160 3456 lim,
2189 3406 2308 3461 qua:
2335 3404 2546 3443 murum
2578 3404 2684 3443 non
2712 3389 2913 3441 habens
2942 3396 3176 3456 angusto
3207 3386 3348 3439 inter
3382 3397 3621 3438 montem

2048 3492 2103 3537 et
2140 3492 2385 3552 stagnum
2420 3481 2524 3534 situ
2575 3495 2735 3548 super
2775 3479 3105 3533 maritimam
3152 3492 3305 3532 oratu
3357 3477 3625 3529 orientem

2050 3589 2241 3629 versus
2320 3572 2478 3641 longo
2554 3573 2769 3624 tramite
2828 3569 3190 3638 protenditur,
3256 3577 3492 3620 montem
3561 3570 3629 3618 ab

2049 3669 2317 3737 aquilone,
2347 3665 2521 3719 lacum
2555 3664 2621 3717 ab
2660 3672 2846 3716 austro
2880 3661 3104 3715 habens.
3138 3656 3406 3713 Nazareth
3440 3674 3626 3711 muros

2051 3775 2159 3813 non
2215 3759 2395 3820 habet,
2448 3757 2543 3812 sed
2596 3770 2784 3824 tnagna
2833 3753 3359 3821 a:dilieia,duasqne
3391 3750 3625 3821 grands

2050 3852 2333 3908 ecclesias.
2376 3851 2485 3906 Una
2517 3858 2601 3905 est
2650 3851 2703 3903 in
2755 3847 2931 3902 medio
2982 3846 3220 3902 civitatis
3275 3861 3435 3913 supra
3488 3846 3627 3898 duos

2052 3947 2267 4000 fundata
2326 3958 2574 4008 cancros,
2609 3942 2696 3995 ubi
2759 3940 3033 4010 quondam
3092 3937 3271 3992 fuerat
3330 3940 3518 3990 domus
3571 3939 3624 3989 in

2051 4056 2156 4108 qua
2192 4039 2446 4097 Dominus
2503 4034 2737 4089 tmtritus
2787 4043 2870 4086 est
2917 4030 3115 4085 infans.
3155 4028 3280 4083 Haec
3313 4040 3489 4081 autem
3533 4042 3629 4081 ec-

2050 4133 2213 4185 clesia
2244 4131 2477 4192 duobus,
2517 4136 2573 4179 ιιι
2609 4128 2810 4180 dictuut
2865 4134 2971 4187 est,
3002 4122 3246 4185 tumulis,
3277 4131 3331 4175 et
3389 4122 3631 4188 interpo-

2051 4224 2170 4277 sitis
2203 4221 2436 4275 arcubus
2484 4218 2725 4281 sull'ulta,
2762 4218 2921 4271 habet
2958 4214 3187 4269 inferius
3233 4214 3371 4267 inter
3399 4217 3627 4266 eosdem

2055 4314 2287 4368 tumulos
2342 4312 2541 4364 fontem
2588 4307 3009 4370 lucidiSsimum,
3043 4305 3184 4359 unde
3234 4302 3381 4357 cives
3436 4315 3630 4356 omnes

2052 4423 2219 4476 aquas
2242 4407 2292 4458 in
2330 4404 2561 4459 vasculis
2594 4417 2690 4470 per
2727 4400 3001 4454 trochleas
3038 4398 3087 4451 in
3123 4396 3410 4451 ecclesiam
3442 4403 3627 4447 extra-

2054 4500 2204 4552 hunt.
2236 4497 2415 4550 Altera
2469 4511 2596 4549 vero
2645 4503 2729 4548 est
2773 4493 3001 4548 ecclesia
3058 4490 3149 4545 ubi
3181 4491 3375 4545 domus
3421 4500 3537 4541 erat
3572 4487 3627 4537 in

2053 4608 2158 4661 qua
2188 4590 2410 4658 angelus
2441 4590 2507 4640 ad
2538 4585 2599 4642 Β.
2640 4584 2868 4639 Mariam
2897 4583 3062 4637 venit.

2051 4727 2180 4784 CAP.
2220 4726 2354 4780 XVI.
2381 4754 2451 4765 -—
2477 4724 2552 4778 De
2598 4734 2770 4777 monte
2819 4719 3048 4784 'I'Itabor,
3082 4729 3131 4773 et
3188 4716 3354 4771 tribus
3394 4715 3630 4769 ecclesiis

2672 4808 2828 4859 super
2863 4807 3001 4845 cum.

2123 4911 2275 4965 Mons
2306 4909 2521 4963 Thabor
2554 4908 2607 4961 in
2643 4908 2822 4960 medio
2851 4905 3084 4960 Galilica:
3120 4916 3331 4971 campo,
3366 4901 3418 4955 in
3457 4899 3635 4953 tribus

2054 5004 2289 5058 millibus
2318 5017 2545 5055 manans
2579 5000 2645 5053 ad
2699 4998 2929 5051 Boream
2964 5013 2991 5049 a
3026 4994 3392 5051 Ghenesareth
3442 4992 3631 5052 distat,

2052 5113 2114 5152 ex
2153 5098 2296 5151 omni
2330 5106 2479 5164 parte
2510 5093 2792 5155 rotundus,
2823 5089 3086 5144 herbosus
3115 5087 3268 5141 valde
3298 5095 3352 5140 et
3383 5083 3634 5149 ﬂoridus,

2050 5190 2333 5244 altitudine
2398 5187 2615 5255 triginta
2673 5184 2994 5239 stadiorum.
3054 5179 3247 5234 Vertex
3309 5178 3420 5247 ipse
3479 5195 3639 5229 cam-

2055 5283 2251 5351 pestris
2319 5287 2373 5333 et
2446 5277 2673 5330 multum
2762 5287 3010 5328 amoenus
3075 5270 3262 5339 viginti
3330 5278 3383 5321 et
3466 5266 3635 5317 trium

2051 5374 2348 5426 Stadiorum
2397 5370 2573 5439 spatio
2626 5367 2902 5430 dilatatur,
2952 5364 3040 5417 ubi
3101 5362 3304 5430 grande
3357 5367 3640 5411 monaste-

2056 5466 2194 5519 rium
2226 5465 2412 5534 grandi
2455 5475 2671 5531 quoque
2705 5459 2840 5514 silva
2874 5457 3261 5514 circumdatur.
3313 5460 3424 5504 tres
3456 5449 3641 5503 eccle-

2055 5563 2159 5615 sias
2190 5560 2417 5623 habens,
2442 5558 2593 5627 juxta
2626 5558 2770 5627 quod
2804 5555 2999 5609 l’etrus
3029 5551 3104 5605 ait
3140 5568 3155 5603 :
3195 5548 3511 5602 «Faciamus
3545 5542 3644 5597 hic

2055 5652 2152 5705 tria
2203 5647 2586 5714 tabernacula;
2630 5647 2852 5720 i_lacus
2904 5660 3059 5699 muro
3124 5642 3353 5705 cinctus,
3406 5634 3643 5707 grandia

2056 5754 2269 5813 gestans
2300 5741 2547 5796 indilicia.
