  <div class='ocr_page' id='page_1' title='image "/cluster/home/n/w/nwhite01/storage/ocr_20150623/94/hvd.32044054759659/600.png"; bbox 0 0 4054 6190; ppageno 0'>
   <div class='ocr_carea' id='block_1_1' title="bbox 493 305 622 370">
    <p class='ocr_par' dir='ltr' id='par_1_1' title="bbox 493 305 622 370">
     <span class='ocr_line' id='line_1_1' title="bbox 493 305 622 370; baseline -0.008 -2"><span class='ocrx_word' id='word_1_1' title='bbox 493 305 622 370; x_wconf 83' lang='grc'><strong>1189</strong></span> 
     </span>
    </p>
   </div>
   <div class='ocr_carea' id='block_1_2' title="bbox 773 414 1787 473">
    <p class='ocr_par' dir='ltr' id='par_1_2' title="bbox 773 414 1787 473">
     <span class='ocr_line' id='line_1_2' title="bbox 773 414 1787 473; baseline -0.004 -1"><span class='ocrx_word' id='word_1_2' title='bbox 773 420 901 472; x_wconf 67' lang='lat' dir='ltr'><strong>Car.</strong></span> <span class='ocrx_word' id='word_1_3' title='bbox 932 416 1093 473; x_wconf 72' lang='lat' dir='ltr'><strong>XVII.</strong></span> <span class='ocrx_word' id='word_1_4' title='bbox 1126 448 1191 457; x_wconf 89' lang='lat'><strong>-—</strong></span> <span class='ocrx_word' id='word_1_5' title='bbox 1226 416 1300 471; x_wconf 79' lang='lat' dir='ltr'><strong>De</strong></span> <span class='ocrx_word' id='word_1_6' title='bbox 1356 416 1463 470; x_wconf 68' lang='lat' dir='ltr'><strong>sint</strong></span> <span class='ocrx_word' id='word_1_7' title='bbox 1518 414 1787 468; x_wconf 77' lang='lat' dir='ltr'><strong>Damasci.</strong></span> 
     </span>
    </p>
   </div>
   <div class='ocr_carea' id='block_1_3' title="bbox 562 587 2070 661">
    <p class='ocr_par' dir='ltr' id='par_1_3' title="bbox 562 587 2070 661">
     <span class='ocr_line' id='line_1_3' title="bbox 562 587 2070 661; baseline -0.005 -14"><span class='ocrx_word' id='word_1_8' title='bbox 562 594 884 658; x_wconf 88' lang='lat' dir='ltr'><strong>Damascus,</strong></span> <span class='ocrx_word' id='word_1_9' title='bbox 917 592 968 647; x_wconf 94' lang='lat' dir='ltr'><strong>in</strong></span> <span class='ocrx_word' id='word_1_10' title='bbox 1000 606 1192 661; x_wconf 89' lang='lat' dir='ltr'><strong>campo</strong></span> <span class='ocrx_word' id='word_1_11' title='bbox 1241 591 1366 652; x_wconf 88' lang='lat' dir='ltr'><strong>sita,</strong></span> <span class='ocrx_word' id='word_1_12' title='bbox 1394 588 1500 643; x_wconf 91' lang='lat' dir='ltr'><strong>lato</strong></span> <span class='ocrx_word' id='word_1_13' title='bbox 1548 598 1603 642; x_wconf 93' lang='lat' dir='ltr'><strong>et</strong></span> <span class='ocrx_word' id='word_1_14' title='bbox 1659 587 1838 657; x_wconf 87' lang='lat' dir='ltr'><strong>amplo</strong></span> <span class='ocrx_word' id='word_1_15' title='bbox 1890 601 2070 640; x_wconf 84' lang='lat' dir='ltr'><strong>muro-</strong></span> 
     </span>
    </p>
   </div>
   <div class='ocr_carea' id='block_1_4' title="bbox 494 680 2067 750">
    <p class='ocr_par' dir='ltr' id='par_1_4' title="bbox 494 680 2067 750">
     <span class='ocr_line' id='line_1_4' title="bbox 494 680 2067 750; baseline -0.006 -8"><span class='ocrx_word' id='word_1_16' title='bbox 494 705 614 743; x_wconf 90' lang='lat' dir='ltr'><strong>rum</strong></span> <span class='ocrx_word' id='word_1_17' title='bbox 666 686 895 750; x_wconf 89' lang='lat' dir='ltr'><strong>ambitu,</strong></span> <span class='ocrx_word' id='word_1_18' title='bbox 939 693 993 738; x_wconf 88' lang='lat' dir='ltr'><strong>et</strong></span> <span class='ocrx_word' id='word_1_19' title='bbox 1057 684 1263 739; x_wconf 89' lang='lat' dir='ltr'><strong>crebris</strong></span> <span class='ocrx_word' id='word_1_20' title='bbox 1316 684 1521 736; x_wconf 88' lang='lat' dir='ltr'><strong>munita</strong></span> <span class='ocrx_word' id='word_1_21' title='bbox 1585 680 1849 742; x_wconf 90' lang='lat' dir='ltr'><strong>turribus,</strong></span> <span class='ocrx_word' id='word_1_22' title='bbox 1906 695 2067 748; x_wconf 81' lang='lat' dir='ltr'><strong>quant</strong></span> 
     </span>
    </p>
   </div>
   <div class='ocr_carea' id='block_1_5' title="bbox 492 768 2069 849">
    <p class='ocr_par' dir='ltr' id='par_1_5' title="bbox 492 768 2069 849">
     <span class='ocr_line' id='line_1_5' title="bbox 492 768 2069 849; baseline -0.009 -15"><span class='ocrx_word' id='word_1_23' title='bbox 492 795 682 849; x_wconf 76' lang='lat' dir='ltr'><strong>magna</strong></span> <span class='ocrx_word' id='word_1_24' title='bbox 717 785 948 847; x_wconf 88' lang='lat' dir='ltr'><strong>quatuor</strong></span> <span class='ocrx_word' id='word_1_25' title='bbox 979 775 1198 828; x_wconf 77' lang='lat' dir='ltr'><strong>ﬂiiinina</strong></span> <span class='ocrx_word' id='word_1_26' title='bbox 1234 774 1547 827; x_wconf 89' lang='lat' dir='ltr'><strong>interﬂuunt</strong></span> <span class='ocrx_word' id='word_1_27' title='bbox 1578 789 1592 825; x_wconf 72' lang='grc' dir='ltr'><strong>ε</strong></span> <span class='ocrx_word' id='word_1_28' title='bbox 1623 772 1709 825; x_wconf 90' lang='lat' dir='ltr'><strong>ubi</strong></span> <span class='ocrx_word' id='word_1_29' title='bbox 1746 771 1868 823; x_wconf 92' lang='lat' dir='ltr'><strong>dum</strong></span> <span class='ocrx_word' id='word_1_30' title='bbox 1910 768 2069 822; x_wconf 89' lang='lat' dir='ltr'><strong>Chri-</strong></span> 
     </span>
    </p>
   </div>
   <div class='ocr_carea' id='block_1_6' title="bbox 491 862 2070 935">
    <p class='ocr_par' dir='ltr' id='par_1_6' title="bbox 491 862 2070 935">
     <span class='ocr_line' id='line_1_6' title="bbox 491 862 2070 935; baseline -0.008 -10"><span class='ocrx_word' id='word_1_31' title='bbox 491 871 649 925; x_wconf 89' lang='lat' dir='ltr'><strong>stiani</strong></span> <span class='ocrx_word' id='word_1_32' title='bbox 684 867 870 922; x_wconf 89' lang='lat' dir='ltr'><strong>Sancti</strong></span> <span class='ocrx_word' id='word_1_33' title='bbox 922 866 1143 921; x_wconf 80' lang='lat' dir='ltr'><strong>Joannis</strong></span> <span class='ocrx_word' id='word_1_34' title='bbox 1186 868 1440 935; x_wconf 69' lang='lat' dir='ltr'><strong>Baptista:</strong></span> <span class='ocrx_word' id='word_1_35' title='bbox 1480 864 1764 919; x_wconf 79' lang='lat' dir='ltr'><strong>ecclesiam</strong></span> <span class='ocrx_word' id='word_1_36' title='bbox 1813 862 2070 928; x_wconf 83' lang='lat' dir='ltr'><strong>frequen-</strong></span> 
     </span>
    </p>
   </div>
   <div class='ocr_carea' id='block_1_7' title="bbox 493 952 2068 1025">
    <p class='ocr_par' dir='ltr' id='par_1_7' title="bbox 493 952 2068 1025">
     <span class='ocr_line' id='line_1_7' title="bbox 493 952 2068 1025; baseline -0.006 -11"><span class='ocrx_word' id='word_1_37' title='bbox 493 971 632 1025; x_wconf 89' lang='lat' dir='ltr'><strong>tant,</strong></span> <span class='ocrx_word' id='word_1_38' title='bbox 666 959 1059 1014; x_wconf 80' lang='lat' dir='ltr'><strong>Saracenorum</strong></span> <span class='ocrx_word' id='word_1_39' title='bbox 1118 973 1210 1011; x_wconf 90' lang='lat' dir='ltr'><strong>rex</strong></span> <span class='ocrx_word' id='word_1_40' title='bbox 1264 973 1384 1011; x_wconf 91' lang='lat' dir='ltr'><strong>cum</strong></span> <span class='ocrx_word' id='word_1_41' title='bbox 1442 972 1538 1011; x_wconf 86' lang='lat' dir='ltr'><strong>sua</strong></span> <span class='ocrx_word' id='word_1_42' title='bbox 1593 965 1756 1025; x_wconf 74' lang='lat' dir='ltr'><strong>gente</strong></span> <span class='ocrx_word' id='word_1_43' title='bbox 1787 952 1946 1006; x_wconf 85' lang='lat' dir='ltr'><strong>aliam</strong></span> <span class='ocrx_word' id='word_1_44' title='bbox 1986 953 2068 1005; x_wconf 84' lang='lat' dir='ltr'><strong>in-</strong></span> 
     </span>
    </p>
   </div>
   <div class='ocr_carea' id='block_1_8' title="bbox 491 1044 2067 1120">
    <p class='ocr_par' dir='ltr' id='par_1_8' title="bbox 491 1044 2067 1120">
     <span class='ocr_line' id='line_1_8' title="bbox 491 1044 2067 1120; baseline -0.009 -11"><span class='ocrx_word' id='word_1_45' title='bbox 491 1054 670 1109; x_wconf 86' lang='lat' dir='ltr'><strong>stituit</strong></span> <span class='ocrx_word' id='word_1_46' title='bbox 717 1061 877 1120; x_wconf 88' lang='lat' dir='ltr'><strong>atque</strong></span> <span class='ocrx_word' id='word_1_47' title='bbox 945 1049 1201 1103; x_wconf 86' lang='lat' dir='ltr'><strong>sacravit.</strong></span> <span class='ocrx_word' id='word_1_48' title='bbox 1258 1050 1493 1102; x_wconf 84' lang='lat' dir='ltr'><strong>Plurima</strong></span> <span class='ocrx_word' id='word_1_49' title='bbox 1553 1058 1704 1099; x_wconf 85' lang='lat' dir='ltr'><strong>extra</strong></span> <span class='ocrx_word' id='word_1_50' title='bbox 1768 1060 1953 1098; x_wconf 84' lang='lat' dir='ltr'><strong>muros</strong></span> <span class='ocrx_word' id='word_1_51' title='bbox 2017 1044 2067 1096; x_wconf 92' lang='lat' dir='ltr'><strong>in</strong></span> 
     </span>
    </p>
   </div>
   <div class='ocr_carea' id='block_1_9' title="bbox 494 1137 2069 1217">
    <p class='ocr_par' dir='ltr' id='par_1_9' title="bbox 494 1137 2069 1217">
     <span class='ocr_line' id='line_1_9' title="bbox 494 1137 2069 1217; baseline -0.008 -17"><span class='ocrx_word' id='word_1_52' title='bbox 494 1161 626 1217; x_wconf 76' lang='lat' dir='ltr'><strong>gyro</strong></span> <span class='ocrx_word' id='word_1_53' title='bbox 673 1144 891 1200; x_wconf 89' lang='lat' dir='ltr'><strong>oliveta.</strong></span> <span class='ocrx_word' id='word_1_54' title='bbox 923 1145 967 1196; x_wconf 88' lang='lat' dir='ltr'><strong>A</strong></span> <span class='ocrx_word' id='word_1_55' title='bbox 994 1140 1211 1196; x_wconf 89' lang='lat' dir='ltr'><strong>Thabor</strong></span> <span class='ocrx_word' id='word_1_56' title='bbox 1249 1154 1418 1209; x_wconf 89' lang='lat' dir='ltr'><strong>usque</strong></span> <span class='ocrx_word' id='word_1_57' title='bbox 1468 1137 1811 1203; x_wconf 72' lang='lat' dir='ltr'><strong>Damascum,</strong></span> <span class='ocrx_word' id='word_1_58' title='bbox 1862 1145 2069 1207; x_wconf 89' lang='lat' dir='ltr'><strong>septem</strong></span> 
     </span>
    </p>
   </div>
   <div class='ocr_carea' id='block_1_10' title="bbox 493 1236 869 1295">
    <p class='ocr_par' dir='ltr' id='par_1_10' title="bbox 493 1236 869 1295">
     <span class='ocr_line' id='line_1_10' title="bbox 493 1236 869 1295; baseline -0.019 1"><span class='ocrx_word' id='word_1_59' title='bbox 493 1241 701 1295; x_wconf 90' lang='lat' dir='ltr'><strong>dierum</strong></span> <span class='ocrx_word' id='word_1_60' title='bbox 748 1236 869 1290; x_wconf 90' lang='lat' dir='ltr'><strong>iter.</strong></span> 
     </span>
    </p>
   </div>
   <div class='ocr_carea' id='block_1_11' title="bbox 494 1389 2072 1457">
    <p class='ocr_par' dir='ltr' id='par_1_11' title="bbox 494 1389 2072 1457">
     <span class='ocr_line' id='line_1_11' title="bbox 494 1389 2072 1457; baseline -0.01 0"><span class='ocrx_word' id='word_1_61' title='bbox 494 1401 623 1457; x_wconf 73' lang='lat' dir='ltr'><strong>CAP.</strong></span> <span class='ocrx_word' id='word_1_62' title='bbox 658 1397 842 1451; x_wconf 79' lang='lat' dir='ltr'><strong>XVIII.</strong></span> <span class='ocrx_word' id='word_1_63' title='bbox 879 1427 949 1437; x_wconf 99' lang='lat'><strong>—</strong></span> <span class='ocrx_word' id='word_1_64' title='bbox 984 1394 1055 1449; x_wconf 85' lang='lat' dir='ltr'><strong>De</strong></span> <span class='ocrx_word' id='word_1_65' title='bbox 1113 1395 1218 1448; x_wconf 79' lang='lat' dir='ltr'><strong>situ</strong></span> <span class='ocrx_word' id='word_1_66' title='bbox 1274 1393 1634 1455; x_wconf 75' lang='lat' dir='ltr'><strong>Alexandriw,</strong></span> <span class='ocrx_word' id='word_1_67' title='bbox 1695 1400 1741 1444; x_wconf 86' lang='lat' dir='ltr'><strong>et</strong></span> <span class='ocrx_word' id='word_1_68' title='bbox 1812 1389 1960 1454; x_wconf 84' lang='lat' dir='ltr'><strong>Nilo,</strong></span> <span class='ocrx_word' id='word_1_69' title='bbox 2022 1398 2072 1442; x_wconf 86' lang='lat' dir='ltr'><strong>et</strong></span> 
     </span>
    </p>
   </div>
   <div class='ocr_carea' id='block_1_12' title="bbox 596 1462 1965 1535">
    <p class='ocr_par' dir='ltr' id='par_1_12' title="bbox 596 1462 1965 1535">
     <span class='ocr_line' id='line_1_12' title="bbox 596 1462 1965 1535; baseline -0.007 -11"><span class='ocrx_word' id='word_1_70' title='bbox 596 1470 812 1524; x_wconf 80' lang='lat' dir='ltr'><strong>ecclesia</strong></span> <span class='ocrx_word' id='word_1_71' title='bbox 841 1469 893 1520; x_wconf 85' lang='lat' dir='ltr'><strong>in</strong></span> <span class='ocrx_word' id='word_1_72' title='bbox 922 1482 1025 1535; x_wconf 83' lang='lat' dir='ltr'><strong>qua</strong></span> <span class='ocrx_word' id='word_1_73' title='bbox 1065 1465 1334 1534; x_wconf 75' lang='lat' dir='ltr'><strong>requiescit</strong></span> <span class='ocrx_word' id='word_1_74' title='bbox 1363 1462 1577 1515; x_wconf 79' lang='lat' dir='ltr'><strong>Marcus</strong></span> <span class='ocrx_word' id='word_1_75' title='bbox 1624 1462 1965 1530; x_wconf 74' lang='lat' dir='ltr'><strong>evangelista.</strong></span> 
     </span>
    </p>
   </div>
   <div class='ocr_carea' id='block_1_13' title="bbox 562 1594 2072 1667">
    <p class='ocr_par' dir='ltr' id='par_1_13' title="bbox 562 1594 2072 1667">
     <span class='ocr_line' id='line_1_13' title="bbox 562 1594 2072 1667; baseline -0.006 -9"><span class='ocrx_word' id='word_1_76' title='bbox 562 1602 914 1667; x_wconf 86' lang='lat' dir='ltr'><strong>Alexandria,</strong></span> <span class='ocrx_word' id='word_1_77' title='bbox 951 1604 1018 1655; x_wconf 88' lang='lat' dir='ltr'><strong>ah</strong></span> <span class='ocrx_word' id='word_1_78' title='bbox 1077 1614 1278 1655; x_wconf 85' lang='lat' dir='ltr'><strong>occasu</strong></span> <span class='ocrx_word' id='word_1_79' title='bbox 1325 1598 1379 1653; x_wconf 91' lang='lat' dir='ltr'><strong>in</strong></span> <span class='ocrx_word' id='word_1_80' title='bbox 1408 1607 1587 1652; x_wconf 92' lang='lat' dir='ltr'><strong>ortum</strong></span> <span class='ocrx_word' id='word_1_81' title='bbox 1619 1596 1751 1651; x_wconf 90' lang='lat' dir='ltr'><strong>solis</strong></span> <span class='ocrx_word' id='word_1_82' title='bbox 1790 1594 1970 1664; x_wconf 81' lang='lat' dir='ltr'><strong>longa,</strong></span> <span class='ocrx_word' id='word_1_83' title='bbox 2004 1595 2072 1649; x_wconf 87' lang='lat' dir='ltr'><strong>ab</strong></span> 
     </span>
    </p>
   </div>
   <div class='ocr_carea' id='block_1_14' title="bbox 493 1684 2071 1761">
    <p class='ocr_par' dir='ltr' id='par_1_14' title="bbox 493 1684 2071 1761">
     <span class='ocr_line' id='line_1_14' title="bbox 493 1684 2071 1761; baseline -0.01 -10"><span class='ocrx_word' id='word_1_84' title='bbox 493 1707 679 1751; x_wconf 73' lang='lat' dir='ltr'><strong>austro</strong></span> <span class='ocrx_word' id='word_1_85' title='bbox 705 1695 862 1750; x_wconf 89' lang='lat' dir='ltr'><strong>ostiis</strong></span> <span class='ocrx_word' id='word_1_86' title='bbox 893 1692 995 1747; x_wconf 84' lang='lat' dir='ltr'><strong>Nili</strong></span> <span class='ocrx_word' id='word_1_87' title='bbox 1027 1690 1282 1761; x_wconf 83' lang='lat' dir='ltr'><strong>cingitur,</strong></span> <span class='ocrx_word' id='word_1_88' title='bbox 1316 1689 1383 1743; x_wconf 90' lang='lat' dir='ltr'><strong>ab</strong></span> <span class='ocrx_word' id='word_1_89' title='bbox 1411 1687 1664 1757; x_wconf 79' lang='lat' dir='ltr'><strong>aquilone</strong></span> <span class='ocrx_word' id='word_1_90' title='bbox 1693 1687 1812 1739; x_wconf 85' lang='lat' dir='ltr'><strong>lacu</strong></span> <span class='ocrx_word' id='word_1_91' title='bbox 1863 1684 2071 1738; x_wconf 79' lang='lat' dir='ltr'><strong>Mareo-</strong></span> 
     </span>
    </p>
   </div>
   <div class='ocr_carea' id='block_1_15' title="bbox 494 1777 2071 1854">
    <p class='ocr_par' dir='ltr' id='par_1_15' title="bbox 494 1777 2071 1854">
     <span class='ocr_line' id='line_1_15' title="bbox 494 1777 2071 1854; baseline -0.01 -11"><span class='ocrx_word' id='word_1_92' title='bbox 494 1790 601 1843; x_wconf 90' lang='lat' dir='ltr'><strong>tico</strong></span> <span class='ocrx_word' id='word_1_93' title='bbox 648 1806 662 1842; x_wconf 90' lang='lat'><strong>:</strong></span> <span class='ocrx_word' id='word_1_94' title='bbox 720 1786 875 1853; x_wconf 86' lang='lat' dir='ltr'><strong>cujus</strong></span> <span class='ocrx_word' id='word_1_95' title='bbox 931 1795 1121 1854; x_wconf 88' lang='lat' dir='ltr'><strong>portus</strong></span> <span class='ocrx_word' id='word_1_96' title='bbox 1175 1780 1388 1836; x_wconf 68' lang='lat' dir='ltr'><strong>caneris</strong></span> <span class='ocrx_word' id='word_1_97' title='bbox 1442 1778 1738 1842; x_wconf 82' lang='lat' dir='ltr'><strong>dilticilior,</strong></span> <span class='ocrx_word' id='word_1_98' title='bbox 1780 1777 1953 1847; x_wconf 68' lang='lat' dir='ltr'><strong>.quasi</strong></span> <span class='ocrx_word' id='word_1_99' title='bbox 2005 1778 2071 1829; x_wconf 90' lang='lat' dir='ltr'><strong>ad</strong></span> 
     </span>
    </p>
   </div>
   <div class='ocr_carea' id='block_1_16' title="bbox 495 1870 2073 1942">
    <p class='ocr_par' dir='ltr' id='par_1_16' title="bbox 495 1870 2073 1942">
     <span class='ocr_line' id='line_1_16' title="bbox 495 1870 2073 1942; baseline -0.008 -8"><span class='ocrx_word' id='word_1_100' title='bbox 495 1880 720 1934; x_wconf 75' lang='lat' dir='ltr'><strong>fortnam</strong></span> <span class='ocrx_word' id='word_1_101' title='bbox 757 1875 975 1931; x_wconf 88' lang='lat' dir='ltr'><strong>humani</strong></span> <span class='ocrx_word' id='word_1_102' title='bbox 1008 1872 1252 1942; x_wconf 86' lang='lat' dir='ltr'><strong>corporis</strong></span> <span class='ocrx_word' id='word_1_103' title='bbox 1299 1870 1352 1924; x_wconf 92' lang='lat' dir='ltr'><strong>in</strong></span> <span class='ocrx_word' id='word_1_104' title='bbox 1385 1870 1565 1939; x_wconf 77' lang='lat' dir='ltr'><strong>capite</strong></span> <span class='ocrx_word' id='word_1_105' title='bbox 1596 1870 1712 1938; x_wconf 85' lang='lat' dir='ltr'><strong>ipso</strong></span> <span class='ocrx_word' id='word_1_106' title='bbox 1745 1878 1799 1923; x_wconf 92' lang='lat' dir='ltr'><strong>et</strong></span> <span class='ocrx_word' id='word_1_107' title='bbox 1839 1870 2073 1922; x_wconf 87' lang='lat' dir='ltr'><strong>statione</strong></span> 
     </span>
    </p>
   </div>
   <div class='ocr_carea' id='block_1_17' title="bbox 496 1962 2074 2039">
    <p class='ocr_par' dir='ltr' id='par_1_17' title="bbox 496 1962 2074 2039">
     <span class='ocr_line' id='line_1_17' title="bbox 496 1962 2074 2039; baseline -0.008 -14"><span class='ocrx_word' id='word_1_108' title='bbox 496 1971 767 2039; x_wconf 77' lang='lat' dir='ltr'><strong>capacior,</strong></span> <span class='ocrx_word' id='word_1_109' title='bbox 798 1968 851 2021; x_wconf 92' lang='lat' dir='ltr'><strong>in</strong></span> <span class='ocrx_word' id='word_1_110' title='bbox 916 1965 1159 2023; x_wconf 76' lang='lat' dir='ltr'><strong>faucibus</strong></span> <span class='ocrx_word' id='word_1_111' title='bbox 1210 1977 1341 2017; x_wconf 89' lang='lat' dir='ltr'><strong>vero</strong></span> <span class='ocrx_word' id='word_1_112' title='bbox 1377 1962 1679 2029; x_wconf 74' lang='lat' dir='ltr'><strong>augustior,</strong></span> <span class='ocrx_word' id='word_1_113' title='bbox 1714 1976 1819 2029; x_wconf 89' lang='lat' dir='ltr'><strong>qua</strong></span> <span class='ocrx_word' id='word_1_114' title='bbox 1865 1969 2074 2014; x_wconf 91' lang='lat' dir='ltr'><strong>meatus</strong></span> 
     </span>
    </p>
   </div>
   <div class='ocr_carea' id='block_1_18' title="bbox 499 2052 2070 2127">
    <p class='ocr_par' dir='ltr' id='par_1_18' title="bbox 499 2052 2070 2127">
     <span class='ocr_line' id='line_1_18' title="bbox 499 2052 2070 2127; baseline -0.006 -12"><span class='ocrx_word' id='word_1_115' title='bbox 499 2060 664 2115; x_wconf 86' lang='lat' dir='ltr'><strong>maris</strong></span> <span class='ocrx_word' id='word_1_116' title='bbox 698 2058 893 2127; x_wconf 85' lang='lat' dir='ltr'><strong>accipit</strong></span> <span class='ocrx_word' id='word_1_117' title='bbox 941 2072 1004 2111; x_wconf 89' lang='lat' dir='ltr'><strong>ac</strong></span> <span class='ocrx_word' id='word_1_118' title='bbox 1047 2056 1286 2119; x_wconf 87' lang='lat' dir='ltr'><strong>navium,</strong></span> <span class='ocrx_word' id='word_1_119' title='bbox 1312 2054 1508 2123; x_wconf 85' lang='lat' dir='ltr'><strong>quibus</strong></span> <span class='ocrx_word' id='word_1_120' title='bbox 1539 2054 1784 2121; x_wconf 59' lang='lat' dir='ltr'><strong>quasdam</strong></span> <span class='ocrx_word' id='word_1_121' title='bbox 1828 2052 2070 2122; x_wconf 83' lang='lat' dir='ltr'><strong>spirandi</strong></span> 
     </span>
    </p>
   </div>
   <div class='ocr_carea' id='block_1_19' title="bbox 496 2145 2072 2221">
    <p class='ocr_par' dir='ltr' id='par_1_19' title="bbox 496 2145 2072 2221">
     <span class='ocr_line' id='line_1_19' title="bbox 496 2145 2072 2221; baseline -0.006 -12"><span class='ocrx_word' id='word_1_122' title='bbox 496 2152 739 2209; x_wconf 84' lang='lat' dir='ltr'><strong>subsidia</strong></span> <span class='ocrx_word' id='word_1_123' title='bbox 787 2160 941 2221; x_wconf 91' lang='lat' dir='ltr'><strong>portu</strong></span> <span class='ocrx_word' id='word_1_124' title='bbox 968 2149 1472 2205; x_wconf 72' lang='lat' dir='ltr'><strong>subministrantur.</strong></span> <span class='ocrx_word' id='word_1_125' title='bbox 1506 2146 1606 2201; x_wconf 86' lang='lat' dir='ltr'><strong>Ubi</strong></span> <span class='ocrx_word' id='word_1_126' title='bbox 1644 2147 1765 2213; x_wconf 86' lang='lat' dir='ltr'><strong>quis</strong></span> <span class='ocrx_word' id='word_1_127' title='bbox 1794 2145 2072 2213; x_wconf 82' lang='lat' dir='ltr'><strong>angustias</strong></span> 
     </span>
    </p>
   </div>
   <div class='ocr_carea' id='block_1_20' title="bbox 496 2236 2071 2314">
    <p class='ocr_par' dir='ltr' id='par_1_20' title="bbox 496 2236 2071 2314">
     <span class='ocr_line' id='line_1_20' title="bbox 496 2236 2071 2314; baseline -0.01 -13"><span class='ocrx_word' id='word_1_128' title='bbox 496 2257 659 2314; x_wconf 85' lang='lat' dir='ltr'><strong>atque</strong></span> <span class='ocrx_word' id='word_1_129' title='bbox 683 2260 775 2298; x_wconf 92' lang='lat' dir='ltr'><strong>ora</strong></span> <span class='ocrx_word' id='word_1_130' title='bbox 807 2252 998 2313; x_wconf 89' lang='lat' dir='ltr'><strong>portus</strong></span> <span class='ocrx_word' id='word_1_131' title='bbox 1047 2241 1303 2304; x_wconf 85' lang='lat' dir='ltr'><strong>evaserit,</strong></span> <span class='ocrx_word' id='word_1_132' title='bbox 1342 2250 1599 2307; x_wconf 89' lang='lat' dir='ltr'><strong>tanquam</strong></span> <span class='ocrx_word' id='word_1_133' title='bbox 1638 2236 1842 2304; x_wconf 90' lang='lat' dir='ltr'><strong>reliqua</strong></span> <span class='ocrx_word' id='word_1_134' title='bbox 1874 2252 2071 2304; x_wconf 84' lang='lat' dir='ltr'><strong>corpo-</strong></span> 
     </span>
    </p>
   </div>
   <div class='ocr_carea' id='block_1_21' title="bbox 497 2329 2072 2398">
    <p class='ocr_par' dir='ltr' id='par_1_21' title="bbox 497 2329 2072 2398">
     <span class='ocr_line' id='line_1_21' title="bbox 497 2329 2072 2398; baseline -0.009 -6"><span class='ocrx_word' id='word_1_135' title='bbox 497 2339 571 2392; x_wconf 85' lang='lat' dir='ltr'><strong>ris</strong></span> <span class='ocrx_word' id='word_1_136' title='bbox 602 2338 797 2397; x_wconf 82' lang='lat' dir='ltr'><strong>forma.</strong></span> <span class='ocrx_word' id='word_1_137' title='bbox 847 2335 919 2389; x_wconf 89' lang='lat' dir='ltr'><strong>ita</strong></span> <span class='ocrx_word' id='word_1_138' title='bbox 969 2334 1184 2389; x_wconf 80' lang='lat' dir='ltr'><strong>diﬂusio</strong></span> <span class='ocrx_word' id='word_1_139' title='bbox 1225 2332 1391 2387; x_wconf 88' lang='lat' dir='ltr'><strong>maris</strong></span> <span class='ocrx_word' id='word_1_140' title='bbox 1443 2331 1599 2398; x_wconf 80' lang='lat' dir='ltr'><strong>longe</strong></span> <span class='ocrx_word' id='word_1_141' title='bbox 1630 2329 1845 2398; x_wconf 85' lang='lat' dir='ltr'><strong>lateque</strong></span> <span class='ocrx_word' id='word_1_142' title='bbox 1877 2338 2072 2383; x_wconf 85' lang='lat' dir='ltr'><strong>exten-</strong></span> 
     </span>
    </p>
   </div>
   <div class='ocr_carea' id='block_1_22' title="bbox 494 2419 2074 2495">
    <p class='ocr_par' dir='ltr' id='par_1_22' title="bbox 494 2419 2074 2495">
     <span class='ocr_line' id='line_1_22' title="bbox 494 2419 2074 2495; baseline -0.008 -12"><span class='ocrx_word' id='word_1_143' title='bbox 494 2430 656 2483; x_wconf 84' lang='lat' dir='ltr'><strong>ditur.</strong></span> <span class='ocrx_word' id='word_1_144' title='bbox 687 2433 741 2482; x_wconf 91' lang='lat' dir='ltr'><strong>ln</strong></span> <span class='ocrx_word' id='word_1_145' title='bbox 771 2425 1011 2495; x_wconf 81' lang='lat' dir='ltr'><strong>ejusdem</strong></span> <span class='ocrx_word' id='word_1_146' title='bbox 1069 2426 1295 2479; x_wconf 87' lang='lat' dir='ltr'><strong>dextera</strong></span> <span class='ocrx_word' id='word_1_147' title='bbox 1329 2433 1517 2491; x_wconf 90' lang='lat' dir='ltr'><strong>portus</strong></span> <span class='ocrx_word' id='word_1_148' title='bbox 1558 2435 1723 2489; x_wconf 82' lang='lat' dir='ltr'><strong>parva</strong></span> <span class='ocrx_word' id='word_1_149' title='bbox 1760 2420 1932 2473; x_wconf 87' lang='lat' dir='ltr'><strong>insula</strong></span> <span class='ocrx_word' id='word_1_150' title='bbox 1976 2419 2074 2472; x_wconf 79' lang='lat' dir='ltr'><strong>ha-</strong></span> 
     </span>
    </p>
   </div>
   <div class='ocr_carea' id='block_1_23' title="bbox 495 2511 2070 2589">
    <p class='ocr_par' dir='ltr' id='par_1_23' title="bbox 495 2511 2070 2589">
     <span class='ocr_line' id='line_1_23' title="bbox 495 2511 2070 2589; baseline -0.008 -14"><span class='ocrx_word' id='word_1_151' title='bbox 495 2521 671 2589; x_wconf 90' lang='lat' dir='ltr'><strong>betur,</strong></span> <span class='ocrx_word' id='word_1_152' title='bbox 717 2520 768 2573; x_wconf 91' lang='lat' dir='ltr'><strong>in</strong></span> <span class='ocrx_word' id='word_1_153' title='bbox 815 2532 919 2589; x_wconf 90' lang='lat' dir='ltr'><strong>qua</strong></span> <span class='ocrx_word' id='word_1_154' title='bbox 976 2517 1203 2581; x_wconf 88' lang='lat' dir='ltr'><strong>Pharus,</strong></span> <span class='ocrx_word' id='word_1_155' title='bbox 1239 2516 1289 2569; x_wconf 87' lang='lat' dir='ltr'><strong>id</strong></span> <span class='ocrx_word' id='word_1_156' title='bbox 1332 2525 1438 2578; x_wconf 90' lang='lat' dir='ltr'><strong>est,</strong></span> <span class='ocrx_word' id='word_1_157' title='bbox 1481 2513 1647 2567; x_wconf 89' lang='lat' dir='ltr'><strong>turris</strong></span> <span class='ocrx_word' id='word_1_158' title='bbox 1689 2519 1773 2567; x_wconf 89' lang='lat' dir='ltr'><strong>est</strong></span> <span class='ocrx_word' id='word_1_159' title='bbox 1808 2511 2070 2575; x_wconf 86' lang='lat' dir='ltr'><strong>maxima,</strong></span> 
     </span>
    </p>
   </div>
   <div class='ocr_carea' id='block_1_24' title="bbox 496 2600 2075 2675">
    <p class='ocr_par' dir='ltr' id='par_1_24' title="bbox 496 2600 2075 2675">
     <span class='ocr_line' id='line_1_24' title="bbox 496 2600 2075 2675; baseline -0.008 -11"><span class='ocrx_word' id='word_1_160' title='bbox 496 2623 758 2665; x_wconf 88' lang='lat' dir='ltr'><strong>nocturno</strong></span> <span class='ocrx_word' id='word_1_161' title='bbox 794 2620 1033 2675; x_wconf 89' lang='lat' dir='ltr'><strong>tempore</strong></span> <span class='ocrx_word' id='word_1_162' title='bbox 1083 2604 1424 2659; x_wconf 87' lang='lat' dir='ltr'><strong>ﬂammarum</strong></span> <span class='ocrx_word' id='word_1_163' title='bbox 1482 2600 1691 2656; x_wconf 84' lang='lat' dir='ltr'><strong>facibus</strong></span> <span class='ocrx_word' id='word_1_164' title='bbox 1739 2601 1959 2662; x_wconf 87' lang='lat' dir='ltr'><strong>ardens,</strong></span> <span class='ocrx_word' id='word_1_165' title='bbox 2009 2616 2075 2653; x_wconf 86' lang='lat' dir='ltr'><strong>ne</strong></span> 
     </span>
    </p>
   </div>
   <div class='ocr_carea' id='block_1_25' title="bbox 493 2694 2075 2773">
    <p class='ocr_par' dir='ltr' id='par_1_25' title="bbox 493 2694 2075 2773">
     <span class='ocr_line' id='line_1_25' title="bbox 493 2694 2075 2773; baseline -0.009 -15"><span class='ocrx_word' id='word_1_166' title='bbox 493 2702 704 2773; x_wconf 86' lang='lat' dir='ltr'><strong>decepti</strong></span> <span class='ocrx_word' id='word_1_167' title='bbox 747 2700 985 2755; x_wconf 83' lang='lat' dir='ltr'><strong>tenebris</strong></span> <span class='ocrx_word' id='word_1_168' title='bbox 1040 2707 1217 2750; x_wconf 76' lang='lat' dir='ltr'><strong>nauta:</strong></span> <span class='ocrx_word' id='word_1_169' title='bbox 1267 2697 1317 2749; x_wconf 93' lang='lat' dir='ltr'><strong>in</strong></span> <span class='ocrx_word' id='word_1_170' title='bbox 1364 2695 1615 2764; x_wconf 86' lang='lat' dir='ltr'><strong>sc0pnlus</strong></span> <span class='ocrx_word' id='word_1_171' title='bbox 1667 2694 1988 2763; x_wconf 74' lang='lat' dir='ltr'><strong>impingunt,</strong></span> <span class='ocrx_word' id='word_1_172' title='bbox 2021 2702 2075 2746; x_wconf 91' lang='lat' dir='ltr'><strong>et</strong></span> 
     </span>
    </p>
   </div>
   <div class='ocr_carea' id='block_1_26' title="bbox 493 2785 2075 2858">
    <p class='ocr_par' dir='ltr' id='par_1_26' title="bbox 493 2785 2075 2858">
     <span class='ocr_line' id='line_1_26' title="bbox 493 2785 2075 2858; baseline -0.009 -8"><span class='ocrx_word' id='word_1_173' title='bbox 493 2793 743 2849; x_wconf 79' lang='lat' dir='ltr'><strong>vestibuli</strong></span> <span class='ocrx_word' id='word_1_174' title='bbox 795 2792 1017 2845; x_wconf 88' lang='lat' dir='ltr'><strong>limitem</strong></span> <span class='ocrx_word' id='word_1_175' title='bbox 1068 2786 1526 2858; x_wconf 83' lang='lat' dir='ltr'><strong>comprehendere</strong></span> <span class='ocrx_word' id='word_1_176' title='bbox 1573 2794 1865 2853; x_wconf 75' lang='lat' dir='ltr'><strong>nequeant,</strong></span> <span class='ocrx_word' id='word_1_177' title='bbox 1894 2785 1985 2853; x_wconf 90' lang='lat' dir='ltr'><strong>qui</strong></span> <span class='ocrx_word' id='word_1_178' title='bbox 2021 2793 2075 2836; x_wconf 90' lang='lat' dir='ltr'><strong>et</strong></span> 
     </span>
    </p>
   </div>
   <div class='ocr_carea' id='block_1_27' title="bbox 495 2876 2071 2956">
    <p class='ocr_par' dir='ltr' id='par_1_27' title="bbox 495 2876 2071 2956">
     <span class='ocr_line' id='line_1_27' title="bbox 495 2876 2071 2956; baseline -0.007 -16"><span class='ocrx_word' id='word_1_179' title='bbox 495 2902 592 2956; x_wconf 91' lang='lat' dir='ltr'><strong>pse</strong></span> <span class='ocrx_word' id='word_1_180' title='bbox 626 2901 843 2954; x_wconf 79' lang='lat' dir='ltr'><strong>semper</strong></span> <span class='ocrx_word' id='word_1_181' title='bbox 868 2882 1142 2951; x_wconf 87' lang='lat' dir='ltr'><strong>inquietus</strong></span> <span class='ocrx_word' id='word_1_182' title='bbox 1169 2890 1273 2946; x_wconf 86' lang='lat' dir='ltr'><strong>est,</strong></span> <span class='ocrx_word' id='word_1_183' title='bbox 1303 2880 1556 2934; x_wconf 88' lang='lat' dir='ltr'><strong>ﬂuctibus</strong></span> <span class='ocrx_word' id='word_1_184' title='bbox 1592 2878 1719 2932; x_wconf 88' lang='lat' dir='ltr'><strong>hinc</strong></span> <span class='ocrx_word' id='word_1_185' title='bbox 1745 2878 1870 2931; x_wconf 92' lang='lat' dir='ltr'><strong>inde</strong></span> <span class='ocrx_word' id='word_1_186' title='bbox 1911 2876 2071 2930; x_wconf 84' lang='lat' dir='ltr'><strong>colli-</strong></span> 
     </span>
    </p>
   </div>
   <div class='ocr_carea' id='block_1_28' title="bbox 490 2968 2067 3045">
    <p class='ocr_par' dir='ltr' id='par_1_28' title="bbox 490 2968 2067 3045">
     <span class='ocr_line' id='line_1_28' title="bbox 490 2968 2067 3045; baseline -0.01 -13"><span class='ocrx_word' id='word_1_187' title='bbox 490 2979 788 3032; x_wconf 88' lang='lat' dir='ltr'><strong>dentibus:</strong></span> <span class='ocrx_word' id='word_1_188' title='bbox 823 2987 1012 3045; x_wconf 90' lang='lat' dir='ltr'><strong>portus</strong></span> <span class='ocrx_word' id='word_1_189' title='bbox 1057 2986 1185 3027; x_wconf 91' lang='lat' dir='ltr'><strong>vero</strong></span> <span class='ocrx_word' id='word_1_190' title='bbox 1228 2972 1468 3041; x_wconf 86' lang='lat' dir='ltr'><strong>placidus</strong></span> <span class='ocrx_word' id='word_1_191' title='bbox 1523 2985 1758 3038; x_wconf 86' lang='lat' dir='ltr'><strong>semper,</strong></span> <span class='ocrx_word' id='word_1_192' title='bbox 1806 2968 2067 3035; x_wconf 87' lang='lat' dir='ltr'><strong>amplitu-</strong></span> 
     </span>
    </p>
   </div>
   <div class='ocr_carea' id='block_1_29' title="bbox 490 3058 2068 3135">
    <p class='ocr_par' dir='ltr' id='par_1_29' title="bbox 490 3058 2068 3135">
     <span class='ocr_line' id='line_1_29' title="bbox 490 3058 2068 3135; baseline -0.009 -10"><span class='ocrx_word' id='word_1_193' title='bbox 490 3071 668 3125; x_wconf 83' lang='lat' dir='ltr'><strong>dinem</strong></span> <span class='ocrx_word' id='word_1_194' title='bbox 721 3069 927 3122; x_wconf 80' lang='lat' dir='ltr'><strong>liabens</strong></span> <span class='ocrx_word' id='word_1_195' title='bbox 962 3065 1185 3135; x_wconf 72' lang='lat' dir='ltr'><strong>triginta</strong></span> <span class='ocrx_word' id='word_1_196' title='bbox 1212 3063 1535 3119; x_wconf 85' lang='lat' dir='ltr'><strong>stadiorum.</strong></span> <span class='ocrx_word' id='word_1_197' title='bbox 1574 3063 1620 3115; x_wconf 87' lang='lat' dir='ltr'><strong>A</strong></span> <span class='ocrx_word' id='word_1_198' title='bbox 1657 3070 1808 3130; x_wconf 87' lang='lat' dir='ltr'><strong>parte</strong></span> <span class='ocrx_word' id='word_1_199' title='bbox 1848 3058 2068 3129; x_wconf 68' lang='lat' dir='ltr'><strong>Aigypti</strong></span> 
     </span>
    </p>
   </div>
   <div class='ocr_carea' id='block_1_30' title="bbox 492 3152 2070 3217">
    <p class='ocr_par' dir='ltr' id='par_1_30' title="bbox 492 3152 2070 3217">
     <span class='ocr_line' id='line_1_30' title="bbox 492 3152 2070 3217; baseline -0.009 -1"><span class='ocrx_word' id='word_1_200' title='bbox 492 3165 678 3217; x_wconf 86' lang='lat' dir='ltr'><strong>urbem</strong></span> <span class='ocrx_word' id='word_1_201' title='bbox 722 3162 1056 3215; x_wconf 85' lang='lat' dir='ltr'><strong>intrantibus</strong></span> <span class='ocrx_word' id='word_1_202' title='bbox 1090 3160 1156 3211; x_wconf 88' lang='lat' dir='ltr'><strong>ad</strong></span> <span class='ocrx_word' id='word_1_203' title='bbox 1198 3159 1476 3210; x_wconf 82' lang='lat' dir='ltr'><strong>dexteram</strong></span> <span class='ocrx_word' id='word_1_204' title='bbox 1533 3156 1772 3207; x_wconf 85' lang='lat' dir='ltr'><strong>occurrit</strong></span> <span class='ocrx_word' id='word_1_205' title='bbox 1820 3152 2070 3215; x_wconf 73' lang='lat' dir='ltr'><strong>ecclesia,</strong></span> 
     </span>
    </p>
   </div>
   <div class='ocr_carea' id='block_1_31' title="bbox 492 3243 2070 3322">
    <p class='ocr_par' dir='ltr' id='par_1_31' title="bbox 492 3243 2070 3322">
     <span class='ocr_line' id='line_1_31' title="bbox 492 3243 2070 3322; baseline -0.009 -15"><span class='ocrx_word' id='word_1_206' title='bbox 492 3255 544 3307; x_wconf 95' lang='lat' dir='ltr'><strong>in</strong></span> <span class='ocrx_word' id='word_1_207' title='bbox 572 3268 678 3322; x_wconf 88' lang='lat' dir='ltr'><strong>qua</strong></span> <span class='ocrx_word' id='word_1_208' title='bbox 716 3250 904 3304; x_wconf 86' lang='lat' dir='ltr'><strong>beatus</strong></span> <span class='ocrx_word' id='word_1_209' title='bbox 927 3248 1259 3317; x_wconf 78' lang='lat' dir='ltr'><strong>evangelista</strong></span> <span class='ocrx_word' id='word_1_210' title='bbox 1307 3244 1520 3298; x_wconf 79' lang='lat' dir='ltr'><strong>Marcus</strong></span> <span class='ocrx_word' id='word_1_211' title='bbox 1555 3244 1872 3312; x_wconf 75' lang='lat' dir='ltr'><strong>requiescit.</strong></span> <span class='ocrx_word' id='word_1_212' title='bbox 1903 3243 2070 3311; x_wconf 72' lang='lat' dir='ltr'><strong>Cujus</strong></span> 
     </span>
    </p>
   </div>
   <div class='ocr_carea' id='block_1_32' title="bbox 490 3339 2073 3415">
    <p class='ocr_par' dir='ltr' id='par_1_32' title="bbox 490 3339 2073 3415">
     <span class='ocr_line' id='line_1_32' title="bbox 490 3339 2073 3415; baseline -0.004 -15"><span class='ocrx_word' id='word_1_213' title='bbox 490 3362 685 3415; x_wconf 91' lang='lat' dir='ltr'><strong>corpus</strong></span> <span class='ocrx_word' id='word_1_214' title='bbox 738 3348 788 3398; x_wconf 91' lang='lat' dir='ltr'><strong>in</strong></span> <span class='ocrx_word' id='word_1_215' title='bbox 847 3343 1098 3398; x_wconf 84' lang='lat' dir='ltr'><strong>orientali</strong></span> <span class='ocrx_word' id='word_1_216' title='bbox 1155 3352 1306 3410; x_wconf 84' lang='lat' dir='ltr'><strong>parte</strong></span> <span class='ocrx_word' id='word_1_217' title='bbox 1357 3339 1597 3407; x_wconf 84' lang='lat' dir='ltr'><strong>ejusdem</strong></span> <span class='ocrx_word' id='word_1_218' title='bbox 1652 3339 1894 3394; x_wconf 72' lang='lat' dir='ltr'><strong>ecclesiae</strong></span> <span class='ocrx_word' id='word_1_219' title='bbox 1947 3352 2073 3393; x_wconf 89' lang='lat' dir='ltr'><strong>ante</strong></span> 
     </span>
    </p>
   </div>
   <div class='ocr_carea' id='block_1_33' title="bbox 491 3430 2070 3499">
    <p class='ocr_par' dir='ltr' id='par_1_33' title="bbox 491 3430 2070 3499">
     <span class='ocr_line' id='line_1_33' title="bbox 491 3430 2070 3499; baseline -0.007 -7"><span class='ocrx_word' id='word_1_220' title='bbox 491 3439 661 3492; x_wconf 90' lang='lat' dir='ltr'><strong>altare</strong></span> <span class='ocrx_word' id='word_1_221' title='bbox 697 3439 976 3491; x_wconf 88' lang='lat' dir='ltr'><strong>humatum</strong></span> <span class='ocrx_word' id='word_1_222' title='bbox 1022 3444 1124 3497; x_wconf 88' lang='lat' dir='ltr'><strong>est,</strong></span> <span class='ocrx_word' id='word_1_223' title='bbox 1160 3434 1421 3486; x_wconf 84' lang='lat' dir='ltr'><strong>memoria</strong></span> <span class='ocrx_word' id='word_1_224' title='bbox 1467 3431 1805 3499; x_wconf 80' lang='lat' dir='ltr'><strong>superposita</strong></span> <span class='ocrx_word' id='word_1_225' title='bbox 1836 3430 1903 3484; x_wconf 91' lang='lat' dir='ltr'><strong>de</strong></span> <span class='ocrx_word' id='word_1_226' title='bbox 1935 3445 2070 3498; x_wconf 80' lang='lat' dir='ltr'><strong>qua-</strong></span> 
     </span>
    </p>
   </div>
   <div class='ocr_carea' id='block_1_34' title="bbox 490 3520 2074 3592">
    <p class='ocr_par' dir='ltr' id='par_1_34' title="bbox 490 3520 2074 3592">
     <span class='ocr_line' id='line_1_34' title="bbox 490 3520 2074 3592; baseline -0.006 -9"><span class='ocrx_word' id='word_1_227' title='bbox 490 3533 644 3583; x_wconf 80' lang='lat' dir='ltr'><strong>drato</strong></span> <span class='ocrx_word' id='word_1_228' title='bbox 677 3541 945 3580; x_wconf 83' lang='lat' dir='ltr'><strong>marmore</strong></span> <span class='ocrx_word' id='word_1_229' title='bbox 983 3524 1147 3579; x_wconf 85' lang='lat' dir='ltr'><strong>facta.</strong></span> <span class='ocrx_word' id='word_1_230' title='bbox 1180 3522 1339 3578; x_wconf 88' lang='lat' dir='ltr'><strong>Circa</strong></span> <span class='ocrx_word' id='word_1_231' title='bbox 1368 3522 1543 3576; x_wconf 80' lang='lat' dir='ltr'><strong>Nilum</strong></span> <span class='ocrx_word' id='word_1_232' title='bbox 1575 3520 1816 3592; x_wconf 57' lang='lat' dir='ltr'><strong>[Egyptii</strong></span> <span class='ocrx_word' id='word_1_233' title='bbox 1846 3537 2074 3589; x_wconf 73' lang='lat' dir='ltr'><strong>aggeres</strong></span> 
     </span>
    </p>
   </div>
   <div class='ocr_carea' id='block_1_35' title="bbox 491 3612 2072 3687">
    <p class='ocr_par' dir='ltr' id='par_1_35' title="bbox 491 3612 2072 3687">
     <span class='ocr_line' id='line_1_35' title="bbox 491 3612 2072 3687; baseline -0.008 -14"><span class='ocrx_word' id='word_1_234' title='bbox 491 3621 709 3673; x_wconf 85' lang='lat' dir='ltr'><strong>crebros</strong></span> <span class='ocrx_word' id='word_1_235' title='bbox 741 3628 957 3687; x_wconf 89' lang='lat' dir='ltr'><strong>propter</strong></span> <span class='ocrx_word' id='word_1_236' title='bbox 983 3615 1340 3685; x_wconf 90' lang='lat' dir='ltr'><strong>irruptionem</strong></span> <span class='ocrx_word' id='word_1_237' title='bbox 1369 3629 1633 3685; x_wconf 88' lang='lat' dir='ltr'><strong>aquarum</strong></span> <span class='ocrx_word' id='word_1_238' title='bbox 1662 3613 1842 3667; x_wconf 79' lang='lat' dir='ltr'><strong>facere</strong></span> <span class='ocrx_word' id='word_1_239' title='bbox 1873 3612 2072 3675; x_wconf 84' lang='lat' dir='ltr'><strong>solent,</strong></span> 
     </span>
    </p>
   </div>
   <div class='ocr_carea' id='block_1_36' title="bbox 490 3704 2067 3781">
    <p class='ocr_par' dir='ltr' id='par_1_36' title="bbox 490 3704 2067 3781">
     <span class='ocr_line' id='line_1_36' title="bbox 490 3704 2067 3781; baseline -0.005 -17"><span class='ocrx_word' id='word_1_240' title='bbox 490 3712 579 3781; x_wconf 90' lang='lat' dir='ltr'><strong>qui</strong></span> <span class='ocrx_word' id='word_1_241' title='bbox 637 3711 681 3765; x_wconf 89' lang='lat' dir='ltr'><strong>si</strong></span> <span class='ocrx_word' id='word_1_242' title='bbox 742 3711 881 3763; x_wconf 89' lang='lat' dir='ltr'><strong>forte</strong></span> <span class='ocrx_word' id='word_1_243' title='bbox 914 3709 1199 3762; x_wconf 72' lang='lat' dir='ltr'><strong>custodum</strong></span> <span class='ocrx_word' id='word_1_244' title='bbox 1239 3708 1445 3761; x_wconf 87' lang='lat' dir='ltr'><strong>incuria</strong></span> <span class='ocrx_word' id='word_1_245' title='bbox 1480 3704 1625 3775; x_wconf 91' lang='lat' dir='ltr'><strong>rupti</strong></span> <span class='ocrx_word' id='word_1_246' title='bbox 1683 3704 1910 3769; x_wconf 86' lang='lat' dir='ltr'><strong>fuerint,</strong></span> <span class='ocrx_word' id='word_1_247' title='bbox 1961 3721 2067 3756; x_wconf 93' lang='lat' dir='ltr'><strong>non</strong></span> 
     </span>
    </p>
   </div>
   <div class='ocr_carea' id='block_1_37' title="bbox 492 3796 2073 3872">
    <p class='ocr_par' dir='ltr' id='par_1_37' title="bbox 492 3796 2073 3872">
     <span class='ocr_line' id='line_1_37' title="bbox 492 3796 2073 3872; baseline -0.005 -17"><span class='ocrx_word' id='word_1_248' title='bbox 492 3804 738 3872; x_wconf 68' lang='lat' dir='ltr'><strong>irrigant,</strong></span> <span class='ocrx_word' id='word_1_249' title='bbox 778 3803 872 3857; x_wconf 89' lang='lat' dir='ltr'><strong>sed</strong></span> <span class='ocrx_word' id='word_1_250' title='bbox 918 3801 1236 3870; x_wconf 83' lang='lat' dir='ltr'><strong>Opprimunt</strong></span> <span class='ocrx_word' id='word_1_251' title='bbox 1271 3809 1446 3853; x_wconf 87' lang='lat' dir='ltr'><strong>terras</strong></span> <span class='ocrx_word' id='word_1_252' title='bbox 1483 3798 1827 3867; x_wconf 87' lang='lat' dir='ltr'><strong>subjacentes</strong></span> <span class='ocrx_word' id='word_1_253' title='bbox 1860 3814 1872 3850; x_wconf 94' lang='lat'>:</span> <span class='ocrx_word' id='word_1_254' title='bbox 1901 3807 1953 3850; x_wconf 89' lang='lat' dir='ltr'><strong>et</strong></span> <span class='ocrx_word' id='word_1_255' title='bbox 1984 3796 2073 3865; x_wconf 85' lang='lat' dir='ltr'><strong>qui</strong></span> 
     </span>
    </p>
   </div>
   <div class='ocr_carea' id='block_1_38' title="bbox 494 3888 2069 3963">
    <p class='ocr_par' dir='ltr' id='par_1_38' title="bbox 494 3888 2069 3963">
     <span class='ocr_line' id='line_1_38' title="bbox 494 3888 2069 3963; baseline -0.004 -17"><span class='ocrx_word' id='word_1_256' title='bbox 494 3894 648 3963; x_wconf 88' lang='lat' dir='ltr'><strong>plana</strong></span> <span class='ocrx_word' id='word_1_257' title='bbox 689 3891 925 3961; x_wconf 73' lang='lat' dir='ltr'><strong>ASgyptii</strong></span> <span class='ocrx_word' id='word_1_258' title='bbox 959 3891 1221 3954; x_wconf 90' lang='lat' dir='ltr'><strong>incolunt,</strong></span> <span class='ocrx_word' id='word_1_259' title='bbox 1258 3905 1419 3958; x_wconf 82' lang='lat' dir='ltr'><strong>super</strong></span> <span class='ocrx_word' id='word_1_260' title='bbox 1465 3891 1611 3944; x_wconf 90' lang='lat' dir='ltr'><strong>rivos</strong></span> <span class='ocrx_word' id='word_1_261' title='bbox 1644 3904 1913 3957; x_wconf 85' lang='lat' dir='ltr'><strong>aquarum</strong></span> <span class='ocrx_word' id='word_1_262' title='bbox 1968 3888 2069 3942; x_wconf 83' lang='lat' dir='ltr'><strong>sibi</strong></span> 
     </span>
    </p>
   </div>
   <div class='ocr_carea' id='block_1_39' title="bbox 492 3980 2072 4048">
    <p class='ocr_par' dir='ltr' id='par_1_39' title="bbox 492 3980 2072 4048">
     <span class='ocr_line' id='line_1_39' title="bbox 492 3980 2072 4048; baseline -0.003 -11"><span class='ocrx_word' id='word_1_263' title='bbox 492 3985 681 4040; x_wconf 86' lang='lat' dir='ltr'><strong>domos</strong></span> <span class='ocrx_word' id='word_1_264' title='bbox 714 3982 917 4038; x_wconf 86' lang='lat' dir='ltr'><strong>faciunt</strong></span> <span class='ocrx_word' id='word_1_265' title='bbox 947 3980 1276 4037; x_wconf 85' lang='lat' dir='ltr'><strong>transversis</strong></span> <span class='ocrx_word' id='word_1_266' title='bbox 1329 3980 1571 4035; x_wconf 91' lang='lat' dir='ltr'><strong>trabibus</strong></span> <span class='ocrx_word' id='word_1_267' title='bbox 1621 3990 2072 4048; x_wconf 83' lang='lat' dir='ltr'><strong>superponentes.</strong></span> 
     </span>
    </p>
   </div>
   <div class='ocr_carea' id='block_1_40' title="bbox 493 4136 2075 4203">
    <p class='ocr_par' dir='ltr' id='par_1_40' title="bbox 493 4136 2075 4203">
     <span class='ocr_line' id='line_1_40' title="bbox 493 4136 2075 4203; baseline -0.004 -8"><span class='ocrx_word' id='word_1_268' title='bbox 493 4141 625 4195; x_wconf 74' lang='lat' dir='ltr'><strong>Car.</strong></span> <span class='ocrx_word' id='word_1_269' title='bbox 663 4138 805 4193; x_wconf 78' lang='lat' dir='ltr'><strong>XIX.</strong></span> <span class='ocrx_word' id='word_1_270' title='bbox 841 4169 909 4179; x_wconf 89' lang='lat'><strong><em>—</em></strong></span> <span class='ocrx_word' id='word_1_271' title='bbox 941 4138 1014 4191; x_wconf 89' lang='lat' dir='ltr'><strong>De</strong></span> <span class='ocrx_word' id='word_1_272' title='bbox 1041 4136 1525 4203; x_wconf 77' lang='lat' dir='ltr'><strong>Constantinopoli,</strong></span> <span class='ocrx_word' id='word_1_273' title='bbox 1556 4146 1601 4189; x_wconf 84' lang='lat' dir='ltr'><strong>et</strong></span> <span class='ocrx_word' id='word_1_274' title='bbox 1651 4136 1871 4189; x_wconf 79' lang='lat' dir='ltr'><strong>basilica</strong></span> <span class='ocrx_word' id='word_1_275' title='bbox 1903 4136 1956 4191; x_wconf 85' lang='lat' dir='ltr'><strong>in</strong></span> <span class='ocrx_word' id='word_1_276' title='bbox 1988 4155 2075 4201; x_wconf 84' lang='lat' dir='ltr'><strong>eo,</strong></span> 
     </span>
    </p>
   </div>
   <div class='ocr_carea' id='block_1_41' title="bbox 847 4208 1727 4279">
    <p class='ocr_par' dir='ltr' id='par_1_41' title="bbox 847 4208 1727 4279">
     <span class='ocr_line' id='line_1_41' title="bbox 847 4208 1727 4279; baseline -0.001 -18"><span class='ocrx_word' id='word_1_277' title='bbox 847 4225 960 4279; x_wconf 77' lang='lat' dir='ltr'><strong>qua:</strong></span> <span class='ocrx_word' id='word_1_278' title='bbox 994 4225 1195 4262; x_wconf 80' lang='lat' dir='ltr'><strong>crucem</strong></span> <span class='ocrx_word' id='word_1_279' title='bbox 1234 4208 1448 4262; x_wconf 82' lang='lat' dir='ltr'><strong>Domini</strong></span> <span class='ocrx_word' id='word_1_280' title='bbox 1482 4209 1727 4263; x_wconf 85' lang='lat' dir='ltr'><strong>continet.</strong></span> 
     </span>
    </p>
   </div>
   <div class='ocr_carea' id='block_1_42' title="bbox 564 4342 2070 4413">
    <p class='ocr_par' dir='ltr' id='par_1_42' title="bbox 564 4342 2070 4413">
     <span class='ocr_line' id='line_1_42' title="bbox 564 4342 2070 4413; baseline -0.005 -10"><span class='ocrx_word' id='word_1_281' title='bbox 564 4344 1085 4413; x_wconf 78' lang='lat' dir='ltr'><strong>Constantinopolis,</strong></span> <span class='ocrx_word' id='word_1_282' title='bbox 1111 4345 1345 4412; x_wconf 82' lang='lat' dir='ltr'><strong>undique</strong></span> <span class='ocrx_word' id='word_1_283' title='bbox 1370 4355 1563 4412; x_wconf 62' lang='lat' dir='ltr'><strong>praeter</strong></span> <span class='ocrx_word' id='word_1_284' title='bbox 1592 4343 1901 4412; x_wconf 88' lang='lat' dir='ltr'><strong>aquilonem</strong></span> <span class='ocrx_word' id='word_1_285' title='bbox 1936 4342 2070 4395; x_wconf 91' lang='lat' dir='ltr'><strong>mari</strong></span> 
     </span>
    </p>
   </div>
   <div class='ocr_carea' id='block_1_43' title="bbox 494 4432 2077 4503">
    <p class='ocr_par' dir='ltr' id='par_1_43' title="bbox 494 4432 2077 4503">
     <span class='ocr_line' id='line_1_43' title="bbox 494 4432 2077 4503; baseline -0.006 -8"><span class='ocrx_word' id='word_1_286' title='bbox 494 4442 689 4501; x_wconf 88' lang='lat' dir='ltr'><strong>cincta,</strong></span> <span class='ocrx_word' id='word_1_287' title='bbox 728 4438 868 4503; x_wconf 91' lang='lat' dir='ltr'><strong>quod</strong></span> <span class='ocrx_word' id='word_1_288' title='bbox 907 4450 935 4488; x_wconf 88' lang='lat' dir='ltr'><strong>a</strong></span> <span class='ocrx_word' id='word_1_289' title='bbox 976 4434 1110 4487; x_wconf 85' lang='lat' dir='ltr'><strong>mari</strong></span> <span class='ocrx_word' id='word_1_290' title='bbox 1145 4432 1333 4500; x_wconf 70' lang='lat' dir='ltr'><strong>Magno</strong></span> <span class='ocrx_word' id='word_1_291' title='bbox 1364 4433 1645 4501; x_wconf 76' lang='lat' dir='ltr'><strong>sexaginta</strong></span> <span class='ocrx_word' id='word_1_292' title='bbox 1678 4434 1920 4487; x_wconf 88' lang='lat' dir='ltr'><strong>millibus</strong></span> <span class='ocrx_word' id='word_1_293' title='bbox 1953 4448 2077 4501; x_wconf 90' lang='lat' dir='ltr'><strong>pas-</strong></span> 
     </span>
    </p>
   </div>
   <div class='ocr_carea' id='block_1_44' title="bbox 494 4522 2074 4593">
    <p class='ocr_par' dir='ltr' id='par_1_44' title="bbox 494 4522 2074 4593">
     <span class='ocr_line' id='line_1_44' title="bbox 494 4522 2074 4593; baseline -0.006 -11"><span class='ocrx_word' id='word_1_294' title='bbox 494 4544 651 4582; x_wconf 89' lang='lat' dir='ltr'><strong>suum</strong></span> <span class='ocrx_word' id='word_1_295' title='bbox 694 4539 863 4593; x_wconf 89' lang='lat' dir='ltr'><strong>usque</strong></span> <span class='ocrx_word' id='word_1_296' title='bbox 894 4524 959 4576; x_wconf 92' lang='lat' dir='ltr'><strong>ad</strong></span> <span class='ocrx_word' id='word_1_297' title='bbox 995 4539 1210 4576; x_wconf 90' lang='lat' dir='ltr'><strong>murum</strong></span> <span class='ocrx_word' id='word_1_298' title='bbox 1243 4522 1504 4587; x_wconf 83' lang='lat' dir='ltr'><strong>civitatis,</strong></span> <span class='ocrx_word' id='word_1_299' title='bbox 1533 4533 1587 4576; x_wconf 88' lang='lat' dir='ltr'><strong>et</strong></span> <span class='ocrx_word' id='word_1_300' title='bbox 1610 4538 1640 4576; x_wconf 88' lang='lat' dir='ltr'><strong>a</strong></span> <span class='ocrx_word' id='word_1_301' title='bbox 1674 4538 1829 4576; x_wconf 86' lang='lat' dir='ltr'><strong>muro</strong></span> <span class='ocrx_word' id='word_1_302' title='bbox 1877 4524 2074 4576; x_wconf 86' lang='lat' dir='ltr'><strong>civita-</strong></span> 
     </span>
    </p>
   </div>
   <div class='ocr_carea' id='block_1_45' title="bbox 497 4613 2075 4686">
    <p class='ocr_par' dir='ltr' id='par_1_45' title="bbox 497 4613 2075 4686">
     <span class='ocr_line' id='line_1_45' title="bbox 497 4613 2075 4686; baseline -0.004 -14"><span class='ocrx_word' id='word_1_303' title='bbox 497 4621 567 4675; x_wconf 89' lang='lat' dir='ltr'><strong>tis</strong></span> <span class='ocrx_word' id='word_1_304' title='bbox 612 4631 780 4686; x_wconf 89' lang='lat' dir='ltr'><strong>usque</strong></span> <span class='ocrx_word' id='word_1_305' title='bbox 826 4616 891 4668; x_wconf 86' lang='lat' dir='ltr'><strong>ad</strong></span> <span class='ocrx_word' id='word_1_306' title='bbox 945 4617 1082 4667; x_wconf 89' lang='lat' dir='ltr'><strong>ostia</strong></span> <span class='ocrx_word' id='word_1_307' title='bbox 1136 4613 1365 4667; x_wconf 82' lang='lat' dir='ltr'><strong>Danubii</strong></span> <span class='ocrx_word' id='word_1_308' title='bbox 1419 4614 1772 4683; x_wconf 72' lang='lat' dir='ltr'><strong>quadraginta</strong></span> <span class='ocrx_word' id='word_1_309' title='bbox 1838 4613 2075 4665; x_wconf 85' lang='lat' dir='ltr'><strong>millibus</strong></span> 
     </span>
    </p>
   </div>
   <div class='ocr_carea' id='block_1_46' title="bbox 494 4704 2071 4781">
    <p class='ocr_par' dir='ltr' id='par_1_46' title="bbox 494 4704 2071 4781">
     <span class='ocr_line' id='line_1_46' title="bbox 494 4704 2071 4781; baseline -0.006 -16"><span class='ocrx_word' id='word_1_310' title='bbox 494 4725 752 4781; x_wconf 90' lang='lat' dir='ltr'><strong>passuum</strong></span> <span class='ocrx_word' id='word_1_311' title='bbox 785 4705 1115 4771; x_wconf 76' lang='lat' dir='ltr'><strong>extenditur,</strong></span> <span class='ocrx_word' id='word_1_312' title='bbox 1157 4705 1363 4758; x_wconf 81' lang='lat' dir='ltr'><strong>ainbitu</strong></span> <span class='ocrx_word' id='word_1_313' title='bbox 1404 4721 1677 4758; x_wconf 77' lang='lat' dir='ltr'><strong>taurorum</strong></span> <span class='ocrx_word' id='word_1_314' title='bbox 1703 4706 1857 4773; x_wconf 68' lang='lat' dir='ltr'><strong>justa</strong></span> <span class='ocrx_word' id='word_1_315' title='bbox 1904 4704 2071 4757; x_wconf 88' lang='lat' dir='ltr'><strong>situm</strong></span> 
     </span>
    </p>
   </div>
   <div class='ocr_carea' id='block_1_47' title="bbox 496 4794 2072 4865">
    <p class='ocr_par' dir='ltr' id='par_1_47' title="bbox 496 4794 2072 4865">
     <span class='ocr_line' id='line_1_47' title="bbox 496 4794 2072 4865; baseline -0.004 -12"><span class='ocrx_word' id='word_1_316' title='bbox 496 4799 663 4853; x_wconf 92' lang='lat' dir='ltr'><strong>maris</strong></span> <span class='ocrx_word' id='word_1_317' title='bbox 712 4797 971 4864; x_wconf 77' lang='lat' dir='ltr'><strong>anguloso</strong></span> <span class='ocrx_word' id='word_1_318' title='bbox 1022 4794 1305 4848; x_wconf 85' lang='lat' dir='ltr'><strong>duodecim</strong></span> <span class='ocrx_word' id='word_1_319' title='bbox 1339 4796 1500 4849; x_wconf 84' lang='lat' dir='ltr'><strong>millia</strong></span> <span class='ocrx_word' id='word_1_320' title='bbox 1549 4811 1806 4865; x_wconf 88' lang='lat' dir='ltr'><strong>passuum</strong></span> <span class='ocrx_word' id='word_1_321' title='bbox 1840 4795 2072 4848; x_wconf 87' lang='lat' dir='ltr'><strong>circum-</strong></span> 
     </span>
    </p>
   </div>
   <div class='ocr_carea' id='block_1_48' title="bbox 496 4887 2069 4961">
    <p class='ocr_par' dir='ltr' id='par_1_48' title="bbox 496 4887 2069 4961">
     <span class='ocr_line' id='line_1_48' title="bbox 496 4887 2069 4961; baseline -0.003 -17"><span class='ocrx_word' id='word_1_322' title='bbox 496 4892 767 4961; x_wconf 86' lang='lat' dir='ltr'><strong>plectitur.</strong></span> <span class='ocrx_word' id='word_1_323' title='bbox 798 4889 951 4943; x_wconf 87' lang='lat' dir='ltr'><strong>Hanc</strong></span> <span class='ocrx_word' id='word_1_324' title='bbox 986 4890 1161 4959; x_wconf 87' lang='lat' dir='ltr'><strong>primo</strong></span> <span class='ocrx_word' id='word_1_325' title='bbox 1185 4891 1576 4944; x_wconf 82' lang='lat' dir='ltr'><strong>Constantinus</strong></span> <span class='ocrx_word' id='word_1_326' title='bbox 1618 4889 1672 4942; x_wconf 93' lang='lat' dir='ltr'><strong>in</strong></span> <span class='ocrx_word' id='word_1_327' title='bbox 1704 4887 1890 4942; x_wconf 83' lang='lat' dir='ltr'><strong>Cilicia</strong></span> <span class='ocrx_word' id='word_1_328' title='bbox 1916 4888 2069 4956; x_wconf 81' lang='lat' dir='ltr'><strong>juxta</strong></span> 
     </span>
    </p>
   </div>
   <div class='ocr_carea' id='block_1_49' title="bbox 497 4979 2070 5050">
    <p class='ocr_par' dir='ltr' id='par_1_49' title="bbox 497 4979 2070 5050">
     <span class='ocr_line' id='line_1_49' title="bbox 497 4979 2070 5050; baseline -0.001 -15"><span class='ocrx_word' id='word_1_329' title='bbox 497 4996 663 5045; x_wconf 91' lang='lat' dir='ltr'><strong>mare,</strong></span> <span class='ocrx_word' id='word_1_330' title='bbox 696 4981 838 5050; x_wconf 89' lang='lat' dir='ltr'><strong>quod</strong></span> <span class='ocrx_word' id='word_1_331' title='bbox 864 4980 1049 5035; x_wconf 80' lang='lat' dir='ltr'><strong>Asiam</strong></span> <span class='ocrx_word' id='word_1_332' title='bbox 1104 4979 1482 5049; x_wconf 81' lang='lat' dir='ltr'><strong>Europamque</strong></span> <span class='ocrx_word' id='word_1_333' title='bbox 1533 4980 1899 5044; x_wconf 83' lang='lat' dir='ltr'><strong>disterminat,</strong></span> <span class='ocrx_word' id='word_1_334' title='bbox 1940 4981 2070 5033; x_wconf 68' lang='lat' dir='ltr'><strong>aedi-</strong></span> 
     </span>
    </p>
   </div>
   <div class='ocr_carea' id='block_1_50' title="bbox 496 5072 2071 5143">
    <p class='ocr_par' dir='ltr' id='par_1_50' title="bbox 496 5072 2071 5143">
     <span class='ocr_line' id='line_1_50' title="bbox 496 5072 2071 5143; baseline -0.002 -16"><span class='ocrx_word' id='word_1_335' title='bbox 496 5074 655 5128; x_wconf 85' lang='lat' dir='ltr'><strong>licare</strong></span> <span class='ocrx_word' id='word_1_336' title='bbox 690 5072 979 5143; x_wconf 90' lang='lat' dir='ltr'><strong>disposuit,</strong></span> <span class='ocrx_word' id='word_1_337' title='bbox 1008 5072 1101 5126; x_wconf 87' lang='lat' dir='ltr'><strong>sed</strong></span> <span class='ocrx_word' id='word_1_338' title='bbox 1129 5076 1361 5141; x_wconf 84' lang='lat' dir='ltr'><strong>quadam</strong></span> <span class='ocrx_word' id='word_1_339' title='bbox 1391 5082 1549 5126; x_wconf 86' lang='lat' dir='ltr'><strong>nocte</strong></span> <span class='ocrx_word' id='word_1_340' title='bbox 1596 5072 1921 5127; x_wconf 84' lang='lat' dir='ltr'><strong>ferramenta</strong></span> <span class='ocrx_word' id='word_1_341' title='bbox 1954 5089 2071 5124; x_wconf 64' lang='grc' dir='ltr'><strong>ωηο</strong></span> 
     </span>
    </p>
   </div>
   <div class='ocr_carea' id='block_1_51' title="bbox 493 5163 2077 5233">
    <p class='ocr_par' dir='ltr' id='par_1_51' title="bbox 493 5163 2077 5233">
     <span class='ocr_line' id='line_1_51' title="bbox 493 5163 2077 5233; baseline -0.004 -15"><span class='ocrx_word' id='word_1_342' title='bbox 493 5166 581 5218; x_wconf 85' lang='lat' dir='ltr'><strong>nia</strong></span> <span class='ocrx_word' id='word_1_343' title='bbox 611 5163 1013 5228; x_wconf 84' lang='lat' dir='ltr'><strong>ablata,missis</strong></span> <span class='ocrx_word' id='word_1_344' title='bbox 1035 5164 1124 5232; x_wconf 89' lang='lat' dir='ltr'><strong>qui</strong></span> <span class='ocrx_word' id='word_1_345' title='bbox 1161 5164 1522 5231; x_wconf 84' lang='lat' dir='ltr'><strong>requirerent,</strong></span> <span class='ocrx_word' id='word_1_346' title='bbox 1550 5165 1600 5216; x_wconf 89' lang='lat' dir='ltr'><strong>in</strong></span> <span class='ocrx_word' id='word_1_347' title='bbox 1635 5174 1788 5233; x_wconf 88' lang='lat' dir='ltr'><strong>parte</strong></span> <span class='ocrx_word' id='word_1_348' title='bbox 1823 5164 2077 5231; x_wconf 69' lang='lat' dir='ltr'><strong>Europzv,</strong></span> 
     </span>
    </p>
   </div>
   <div class='ocr_carea' id='block_1_52' title="bbox 494 5254 2075 5322">
    <p class='ocr_par' dir='ltr' id='par_1_52' title="bbox 494 5254 2075 5322">
     <span class='ocr_line' id='line_1_52' title="bbox 494 5254 2075 5322; baseline 0.006 -15"><span class='ocrx_word' id='word_1_349' title='bbox 494 5254 585 5309; x_wconf 85' lang='lat' dir='ltr'><strong>ubi</strong></span> <span class='ocrx_word' id='word_1_350' title='bbox 618 5269 764 5309; x_wconf 93' lang='lat' dir='ltr'><strong>nunc</strong></span> <span class='ocrx_word' id='word_1_351' title='bbox 795 5264 882 5309; x_wconf 82' lang='lat' dir='ltr'><strong>est</strong></span> <span class='ocrx_word' id='word_1_352' title='bbox 914 5254 1027 5322; x_wconf 89' lang='lat' dir='ltr'><strong>ipsa</strong></span> <span class='ocrx_word' id='word_1_353' title='bbox 1064 5255 1282 5316; x_wconf 84' lang='lat' dir='ltr'><strong>civitas.</strong></span> <span class='ocrx_word' id='word_1_354' title='bbox 1331 5256 1548 5310; x_wconf 84' lang='lat' dir='ltr'><strong>inventa</strong></span> <span class='ocrx_word' id='word_1_355' title='bbox 1583 5266 1708 5311; x_wconf 87' lang='lat' dir='ltr'><strong>sunt</strong></span> <span class='ocrx_word' id='word_1_356' title='bbox 1746 5274 1761 5311; x_wconf 88' lang='lat'><strong>:</strong></span> <span class='ocrx_word' id='word_1_357' title='bbox 1810 5259 1879 5311; x_wconf 91' lang='lat' dir='ltr'><strong>ibi</strong></span> <span class='ocrx_word' id='word_1_358' title='bbox 1922 5263 2075 5316; x_wconf 13' lang='lat' dir='ltr'><strong>enim.</strong></span> 
     </span>
    </p>
   </div>
   <div class='ocr_carea' id='block_1_53' title="bbox 496 5345 2070 5405">
    <p class='ocr_par' dir='ltr' id='par_1_53' title="bbox 496 5345 2070 5405">
     <span class='ocr_line' id='line_1_53' title="bbox 496 5345 2070 5405; baseline 0.005 -10"><span class='ocrx_word' id='word_1_359' title='bbox 496 5345 611 5398; x_wconf 78' lang='lat' dir='ltr'><strong>lteri</strong></span> <span class='ocrx_word' id='word_1_360' title='bbox 654 5345 754 5399; x_wconf 89' lang='lat' dir='ltr'><strong>Dei</strong></span> <span class='ocrx_word' id='word_1_361' title='bbox 784 5346 1057 5401; x_wconf 77' lang='lat' dir='ltr'><strong>voluntate</strong></span> <span class='ocrx_word' id='word_1_362' title='bbox 1113 5346 1383 5399; x_wconf 81' lang='lat' dir='ltr'><strong>intellecta</strong></span> <span class='ocrx_word' id='word_1_363' title='bbox 1421 5355 1524 5400; x_wconf 83' lang='lat' dir='ltr'><strong>est.</strong></span> <span class='ocrx_word' id='word_1_364' title='bbox 1560 5346 1613 5400; x_wconf 85' lang='lat' dir='ltr'><strong>In</strong></span> <span class='ocrx_word' id='word_1_365' title='bbox 1664 5349 1761 5403; x_wconf 90' lang='lat' dir='ltr'><strong>hac</strong></span> <span class='ocrx_word' id='word_1_366' title='bbox 1814 5351 1945 5405; x_wconf 82' lang='lat' dir='ltr'><strong>urbe</strong></span> <span class='ocrx_word' id='word_1_367' title='bbox 1973 5352 2070 5405; x_wconf 81' lang='lat' dir='ltr'><strong>ba-</strong></span> 
     </span>
    </p>
   </div>
   <div class='ocr_carea' id='block_1_54' title="bbox 495 5434 2069 5511">
    <p class='ocr_par' dir='ltr' id='par_1_54' title="bbox 495 5434 2069 5511">
     <span class='ocr_line' id='line_1_54' title="bbox 495 5434 2069 5511; baseline 0.007 -26"><span class='ocrx_word' id='word_1_368' title='bbox 495 5434 646 5487; x_wconf 86' lang='lat' dir='ltr'><strong>silica</strong></span> <span class='ocrx_word' id='word_1_369' title='bbox 706 5436 825 5489; x_wconf 90' lang='lat' dir='ltr'><strong>miri</strong></span> <span class='ocrx_word' id='word_1_370' title='bbox 881 5438 1082 5505; x_wconf 90' lang='lat' dir='ltr'><strong>operis,</strong></span> <span class='ocrx_word' id='word_1_371' title='bbox 1112 5453 1231 5506; x_wconf 72' lang='lat' dir='ltr'><strong>qua:</strong></span> <span class='ocrx_word' id='word_1_372' title='bbox 1288 5438 1481 5490; x_wconf 82' lang='lat' dir='ltr'><strong>Sancta</strong></span> <span class='ocrx_word' id='word_1_373' title='bbox 1541 5436 1742 5508; x_wconf 87' lang='lat' dir='ltr'><strong>Sophia</strong></span> <span class='ocrx_word' id='word_1_374' title='bbox 1794 5443 2069 5511; x_wconf 84' lang='lat' dir='ltr'><strong>cOgnomi—</strong></span> 
     </span>
    </p>
   </div>
   <div class='ocr_carea' id='block_1_55' title="bbox 496 5526 2065 5591">
    <p class='ocr_par' dir='ltr' id='par_1_55' title="bbox 496 5526 2065 5591">
     <span class='ocr_line' id='line_1_55' title="bbox 496 5526 2065 5591; baseline 0.011 -17"><span class='ocrx_word' id='word_1_375' title='bbox 496 5534 679 5588; x_wconf 89' lang='lat' dir='ltr'><strong>natur,</strong></span> <span class='ocrx_word' id='word_1_376' title='bbox 715 5526 944 5582; x_wconf 86' lang='lat' dir='ltr'><strong>rotundo</strong></span> <span class='ocrx_word' id='word_1_377' title='bbox 986 5529 1261 5582; x_wconf 77' lang='lat' dir='ltr'><strong>sclteniate</strong></span> <span class='ocrx_word' id='word_1_378' title='bbox 1288 5546 1314 5580; x_wconf 88' lang='lat' dir='ltr'><strong>a</strong></span> <span class='ocrx_word' id='word_1_379' title='bbox 1348 5528 1726 5588; x_wconf 51' lang='lat' dir='ltr'><strong>fmnlamentis.</strong></span> <span class='ocrx_word' id='word_1_380' title='bbox 1756 5545 2065 5591; x_wconf 85' lang='lat' dir='ltr'><strong>constructa</strong></span> 
     </span>
    </p>
   </div>
   <div class='ocr_carea' id='block_1_56' title="bbox 494 5620 2067 5697">
    <p class='ocr_par' dir='ltr' id='par_1_56' title="bbox 494 5620 2067 5697">
     <span class='ocr_line' id='line_1_56' title="bbox 494 5620 2067 5697; baseline 0.01 -31"><span class='ocrx_word' id='word_1_381' title='bbox 494 5623 548 5667; x_wconf 84' lang='lat' dir='ltr'><strong>et</strong></span> <span class='ocrx_word' id='word_1_382' title='bbox 586 5626 983 5685; x_wconf 85' lang='lat' dir='ltr'><strong>concamerata,</strong></span> <span class='ocrx_word' id='word_1_383' title='bbox 1010 5620 1183 5674; x_wconf 90' lang='lat' dir='ltr'><strong>tribus</strong></span> <span class='ocrx_word' id='word_1_384' title='bbox 1213 5622 1391 5673; x_wconf 83' lang='lat' dir='ltr'><strong>cincta</strong></span> <span class='ocrx_word' id='word_1_385' title='bbox 1430 5624 1743 5689; x_wconf 87' lang='lat' dir='ltr'><strong>parietibus,</strong></span> <span class='ocrx_word' id='word_1_386' title='bbox 1770 5636 1825 5678; x_wconf 89' lang='lat' dir='ltr'><strong>et</strong></span> <span class='ocrx_word' id='word_1_387' title='bbox 1858 5631 2067 5697; x_wconf 68' lang='lat' dir='ltr'><strong>magnis</strong></span> 
     </span>
    </p>
   </div>
   <div class='ocr_carea' id='block_1_57' title="bbox 492 5712 2054 5785">
    <p class='ocr_par' dir='ltr' id='par_1_57' title="bbox 492 5712 2054 5785">
     <span class='ocr_line' id='line_1_57' title="bbox 492 5712 2054 5785; baseline 0.008 -23"><span class='ocrx_word' id='word_1_388' title='bbox 492 5718 793 5766; x_wconf 74' lang='lat' dir='ltr'><strong>sustentata</strong></span> <span class='ocrx_word' id='word_1_389' title='bbox 846 5712 1113 5769; x_wconf 86' lang='lat' dir='ltr'><strong>columnis</strong></span> <span class='ocrx_word' id='word_1_390' title='bbox 1174 5718 1516 5785; x_wconf 80' lang='lat' dir='ltr'><strong>arcubusth</strong></span> <span class='ocrx_word' id='word_1_391' title='bbox 1576 5718 1870 5773; x_wconf 84' lang='lat' dir='ltr'><strong>sublimata</strong></span> <span class='ocrx_word' id='word_1_392' title='bbox 1930 5731 2054 5776; x_wconf 78' lang='lat' dir='ltr'><strong>est:</strong></span> 
     </span>
    </p>
   </div>
   <div class='ocr_carea' id='block_1_58' title="bbox 1520 294 2710 361">
    <p class='ocr_par' dir='ltr' id='par_1_58' title="bbox 1520 294 2710 361">
     <span class='ocr_line' id='line_1_58' title="bbox 1520 294 2710 361; baseline -0.004 0"><span class='ocrx_word' id='word_1_393' title='bbox 1520 301 1617 361; x_wconf 85' lang='lat' dir='ltr'><strong>DE</strong></span> <span class='ocrx_word' id='word_1_394' title='bbox 1664 299 1881 359; x_wconf 80' lang='lat' dir='ltr'><strong>LOCIS</strong></span> <span class='ocrx_word' id='word_1_395' title='bbox 1938 294 2253 355; x_wconf 70' lang='lat' dir='ltr'><strong>SANCTIS</strong></span> <span class='ocrx_word' id='word_1_396' title='bbox 2315 295 2710 359; x_wconf 82' lang='lat' dir='ltr'><strong>LlBELLUS.</strong></span> 
     </span>
    </p>
   </div>
   <div class='ocr_carea' id='block_1_59' title="bbox 3602 301 3743 367">
    <p class='ocr_par' dir='ltr' id='par_1_59' title="bbox 3602 301 3743 367">
     <span class='ocr_line' id='line_1_59' title="bbox 3602 301 3743 367; baseline -0.007 0"><span class='ocrx_word' id='word_1_397' title='bbox 3602 301 3743 367; x_wconf 77' lang='lat'><strong>1190</strong></span> 
     </span>
    </p>
   </div>
   <div class='ocr_carea' id='block_1_60' title="bbox 2177 404 3741 488">
    <p class='ocr_par' dir='ltr' id='par_1_60' title="bbox 2177 404 3741 488">
     <span class='ocr_line' id='line_1_60' title="bbox 2177 404 3741 488; baseline 0.004 -22"><span class='ocrx_word' id='word_1_398' title='bbox 2177 410 2329 479; x_wconf 86' lang='lat' dir='ltr'><strong>eujus</strong></span> <span class='ocrx_word' id='word_1_399' title='bbox 2361 404 2590 467; x_wconf 88' lang='lat' dir='ltr'><strong>interior</strong></span> <span class='ocrx_word' id='word_1_400' title='bbox 2616 414 2806 470; x_wconf 87' lang='lat' dir='ltr'><strong>donms</strong></span> <span class='ocrx_word' id='word_1_401' title='bbox 2838 413 2891 468; x_wconf 90' lang='lat' dir='ltr'><strong>in</strong></span> <span class='ocrx_word' id='word_1_402' title='bbox 2921 415 3211 485; x_wconf 88' lang='lat' dir='ltr'><strong>aquilonali</strong></span> <span class='ocrx_word' id='word_1_403' title='bbox 3246 417 3326 473; x_wconf 89' lang='lat' dir='ltr'><strong>sui</strong></span> <span class='ocrx_word' id='word_1_404' title='bbox 3355 428 3509 487; x_wconf 88' lang='lat' dir='ltr'><strong>parte</strong></span> <span class='ocrx_word' id='word_1_405' title='bbox 3540 421 3741 488; x_wconf 68' lang='lat' dir='ltr'><strong>gratae</strong></span> 
     </span>
    </p>
   </div>
   <div class='ocr_carea' id='block_1_61' title="bbox 2174 504 3741 581">
    <p class='ocr_par' dir='ltr' id='par_1_61' title="bbox 2174 504 3741 581">
     <span class='ocr_line' id='line_1_61' title="bbox 2174 504 3741 581; baseline 0.008 -26"><span class='ocrx_word' id='word_1_406' title='bbox 2174 513 2228 555; x_wconf 89' lang='lat' dir='ltr'><strong>et</strong></span> <span class='ocrx_word' id='word_1_407' title='bbox 2257 504 2410 560; x_wconf 90' lang='lat' dir='ltr'><strong>valde</strong></span> <span class='ocrx_word' id='word_1_408' title='bbox 2459 506 2746 575; x_wconf 83' lang='lat' dir='ltr'><strong>pulchrum</strong></span> <span class='ocrx_word' id='word_1_409' title='bbox 2781 509 3076 562; x_wconf 89' lang='lat' dir='ltr'><strong>armarium</strong></span> <span class='ocrx_word' id='word_1_410' title='bbox 3115 510 3293 575; x_wconf 86' lang='lat' dir='ltr'><strong>habet,</strong></span> <span class='ocrx_word' id='word_1_411' title='bbox 3329 512 3381 565; x_wconf 88' lang='lat' dir='ltr'><strong>in</strong></span> <span class='ocrx_word' id='word_1_412' title='bbox 3423 527 3532 581; x_wconf 92' lang='lat' dir='ltr'><strong>quo</strong></span> <span class='ocrx_word' id='word_1_413' title='bbox 3580 527 3741 581; x_wconf 81' lang='lat' dir='ltr'><strong>capsa</strong></span> 
     </span>
    </p>
   </div>
   <div class='ocr_carea' id='block_1_62' title="bbox 2178 596 3745 669">
    <p class='ocr_par' dir='ltr' id='par_1_62' title="bbox 2178 596 3745 669">
     <span class='ocr_line' id='line_1_62' title="bbox 2178 596 3745 669; baseline 0.006 -21"><span class='ocrx_word' id='word_1_414' title='bbox 2178 596 2352 666; x_wconf 79' lang='lat' dir='ltr'><strong>lignea</strong></span> <span class='ocrx_word' id='word_1_415' title='bbox 2407 600 2693 669; x_wconf 83' lang='lat' dir='ltr'><strong>ligneoque</strong></span> <span class='ocrx_word' id='word_1_416' title='bbox 2734 599 2989 667; x_wconf 89' lang='lat' dir='ltr'><strong>operculo</strong></span> <span class='ocrx_word' id='word_1_417' title='bbox 3035 610 3200 656; x_wconf 88' lang='lat' dir='ltr'><strong>tectas</strong></span> <span class='ocrx_word' id='word_1_418' title='bbox 3244 604 3423 657; x_wconf 86' lang='lat' dir='ltr'><strong>crucis</strong></span> <span class='ocrx_word' id='word_1_419' title='bbox 3454 603 3745 661; x_wconf 78' lang='lat' dir='ltr'><strong>Dominicae</strong></span> 
     </span>
    </p>
   </div>
   <div class='ocr_carea' id='block_1_63' title="bbox 2179 692 3745 767">
    <p class='ocr_par' dir='ltr' id='par_1_63' title="bbox 2179 692 3745 767">
     <span class='ocr_line' id='line_1_63' title="bbox 2179 692 3745 767; baseline 0.005 -24"><span class='ocrx_word' id='word_1_420' title='bbox 2179 702 2289 745; x_wconf 88' lang='lat' dir='ltr'><strong>tres</strong></span> <span class='ocrx_word' id='word_1_421' title='bbox 2340 692 2635 760; x_wconf 85' lang='lat' dir='ltr'><strong>particulas</strong></span> <span class='ocrx_word' id='word_1_422' title='bbox 2678 694 2937 759; x_wconf 86' lang='lat' dir='ltr'><strong>continet,</strong></span> <span class='ocrx_word' id='word_1_423' title='bbox 2981 696 3194 764; x_wconf 84' lang='lat' dir='ltr'><strong>longum</strong></span> <span class='ocrx_word' id='word_1_424' title='bbox 3249 695 3499 751; x_wconf 84' lang='lat' dir='ltr'><strong>videlicet</strong></span> <span class='ocrx_word' id='word_1_425' title='bbox 3542 701 3745 767; x_wconf 77' lang='lat' dir='ltr'><strong>lignnm</strong></span> 
     </span>
    </p>
   </div>
   <div class='ocr_carea' id='block_1_64' title="bbox 2177 781 3748 858">
    <p class='ocr_par' dir='ltr' id='par_1_64' title="bbox 2177 781 3748 858">
     <span class='ocr_line' id='line_1_64' title="bbox 2177 781 3748 858; baseline 0.004 -24"><span class='ocrx_word' id='word_1_426' title='bbox 2177 781 2227 835; x_wconf 92' lang='lat' dir='ltr'><strong>in</strong></span> <span class='ocrx_word' id='word_1_427' title='bbox 2274 782 2406 838; x_wconf 90' lang='lat' dir='ltr'><strong>duas</strong></span> <span class='ocrx_word' id='word_1_428' title='bbox 2463 795 2642 853; x_wconf 87' lang='lat' dir='ltr'><strong>partes</strong></span> <span class='ocrx_word' id='word_1_429' title='bbox 2692 787 2942 853; x_wconf 83' lang='lat' dir='ltr'><strong>incisum,</strong></span> <span class='ocrx_word' id='word_1_430' title='bbox 2992 799 3043 842; x_wconf 89' lang='lat' dir='ltr'><strong>et</strong></span> <span class='ocrx_word' id='word_1_431' title='bbox 3086 800 3452 844; x_wconf 74' lang='lat' dir='ltr'><strong>transversum</strong></span> <span class='ocrx_word' id='word_1_432' title='bbox 3505 793 3748 858; x_wconf 84' lang='lat' dir='ltr'><strong>ejusdem</strong></span> 
     </span>
    </p>
   </div>
   <div class='ocr_carea' id='block_1_65' title="bbox 2175 876 3749 950">
    <p class='ocr_par' dir='ltr' id='par_1_65' title="bbox 2175 876 3749 950">
     <span class='ocr_line' id='line_1_65' title="bbox 2175 876 3749 950; baseline 0.004 -24"><span class='ocrx_word' id='word_1_433' title='bbox 2175 885 2376 929; x_wconf 75' lang='lat' dir='ltr'><strong>sancta:</strong></span> <span class='ocrx_word' id='word_1_434' title='bbox 2409 876 2587 929; x_wconf 90' lang='lat' dir='ltr'><strong>crucis</strong></span> <span class='ocrx_word' id='word_1_435' title='bbox 2613 877 2829 943; x_wconf 81' lang='lat' dir='ltr'><strong>lignum.</strong></span> <span class='ocrx_word' id='word_1_436' title='bbox 2873 877 2995 933; x_wconf 67' lang='grc' dir='ltr'><strong>ΙΙωο</strong></span> <span class='ocrx_word' id='word_1_437' title='bbox 3023 880 3199 935; x_wconf 89' lang='lat' dir='ltr'><strong>tribus</strong></span> <span class='ocrx_word' id='word_1_438' title='bbox 3249 890 3453 935; x_wconf 88' lang='lat' dir='ltr'><strong>tantum</strong></span> <span class='ocrx_word' id='word_1_439' title='bbox 3503 896 3597 950; x_wconf 91' lang='lat' dir='ltr'><strong>per</strong></span> <span class='ocrx_word' id='word_1_440' title='bbox 3649 898 3749 934; x_wconf 89' lang='lat' dir='ltr'><strong>an-</strong></span> 
     </span>
    </p>
   </div>
   <div class='ocr_carea' id='block_1_66' title="bbox 2175 961 3754 1035">
    <p class='ocr_par' dir='ltr' id='par_1_66' title="bbox 2175 961 3754 1035">
     <span class='ocr_line' id='line_1_66' title="bbox 2175 961 3754 1035; baseline 0.004 -21"><span class='ocrx_word' id='word_1_441' title='bbox 2175 976 2307 1014; x_wconf 84' lang='lat' dir='ltr'><strong>num</strong></span> <span class='ocrx_word' id='word_1_442' title='bbox 2361 961 2572 1027; x_wconf 66' lang='lat' dir='ltr'><strong>diebus,</strong></span> <span class='ocrx_word' id='word_1_443' title='bbox 2624 964 2724 1020; x_wconf 86' lang='lat' dir='ltr'><strong>hoc</strong></span> <span class='ocrx_word' id='word_1_444' title='bbox 2782 977 2885 1031; x_wconf 86' lang='lat' dir='ltr'><strong>cst,</strong></span> <span class='ocrx_word' id='word_1_445' title='bbox 2936 968 2987 1020; x_wconf 91' lang='lat' dir='ltr'><strong>in</strong></span> <span class='ocrx_word' id='word_1_446' title='bbox 3043 968 3210 1022; x_wconf 61' lang='lat' dir='ltr'><strong>(laena</strong></span> <span class='ocrx_word' id='word_1_447' title='bbox 3261 969 3495 1035; x_wconf 88' lang='lat' dir='ltr'><strong>Domini,</strong></span> <span class='ocrx_word' id='word_1_448' title='bbox 3543 971 3594 1022; x_wconf 93' lang='lat' dir='ltr'><strong>in</strong></span> <span class='ocrx_word' id='word_1_449' title='bbox 3650 968 3754 1021; x_wconf 87' lang='lat' dir='ltr'><strong>Pa-</strong></span> 
     </span>
    </p>
   </div>
   <div class='ocr_carea' id='block_1_67' title="bbox 2177 1056 3748 1131">
    <p class='ocr_par' dir='ltr' id='par_1_67' title="bbox 2177 1056 3748 1131">
     <span class='ocr_line' id='line_1_67' title="bbox 2177 1056 3748 1131; baseline 0.006 -27"><span class='ocrx_word' id='word_1_450' title='bbox 2177 1068 2416 1118; x_wconf 78' lang='lat' dir='ltr'><strong>rasceve,</strong></span> <span class='ocrx_word' id='word_1_451' title='bbox 2470 1066 2524 1109; x_wconf 90' lang='lat' dir='ltr'><strong>et</strong></span> <span class='ocrx_word' id='word_1_452' title='bbox 2582 1059 2630 1109; x_wconf 93' lang='lat' dir='ltr'><strong>in</strong></span> <span class='ocrx_word' id='word_1_453' title='bbox 2685 1056 2922 1113; x_wconf 75' lang='lat' dir='ltr'><strong>Sabbatu</strong></span> <span class='ocrx_word' id='word_1_454' title='bbox 2954 1071 3163 1127; x_wconf 83' lang='lat' dir='ltr'><strong>sancto,</strong></span> <span class='ocrx_word' id='word_1_455' title='bbox 3212 1063 3424 1131; x_wconf 88' lang='lat' dir='ltr'><strong>populis</strong></span> <span class='ocrx_word' id='word_1_456' title='bbox 3476 1063 3748 1117; x_wconf 84' lang='lat' dir='ltr'><strong>adoranda</strong></span> 
     </span>
    </p>
   </div>
   <div class='ocr_carea' id='block_1_68' title="bbox 2176 1143 3751 1221">
    <p class='ocr_par' dir='ltr' id='par_1_68' title="bbox 2176 1143 3751 1221">
     <span class='ocr_line' id='line_1_68' title="bbox 2176 1143 3751 1221; baseline 0.009 -27"><span class='ocrx_word' id='word_1_457' title='bbox 2176 1143 2491 1210; x_wconf 86' lang='lat' dir='ltr'><strong>profertur:</strong></span> <span class='ocrx_word' id='word_1_458' title='bbox 2526 1163 2755 1214; x_wconf 85' lang='lat' dir='ltr'><strong>quarum</strong></span> <span class='ocrx_word' id='word_1_459' title='bbox 2802 1152 2974 1217; x_wconf 85' lang='lat' dir='ltr'><strong>prima</strong></span> <span class='ocrx_word' id='word_1_460' title='bbox 3010 1168 3168 1221; x_wconf 80' lang='lat' dir='ltr'><strong>capsa</strong></span> <span class='ocrx_word' id='word_1_461' title='bbox 3226 1153 3315 1206; x_wconf 91' lang='lat' dir='ltr'><strong>illa</strong></span> <span class='ocrx_word' id='word_1_462' title='bbox 3365 1168 3527 1221; x_wconf 88' lang='lat' dir='ltr'><strong>super</strong></span> <span class='ocrx_word' id='word_1_463' title='bbox 3578 1154 3751 1208; x_wconf 83' lang='lat' dir='ltr'><strong>altare</strong></span> 
     </span>
    </p>
   </div>
   <div class='ocr_carea' id='block_1_69' title="bbox 2176 1238 3750 1303">
    <p class='ocr_par' dir='ltr' id='par_1_69' title="bbox 2176 1238 3750 1303">
     <span class='ocr_line' id='line_1_69' title="bbox 2176 1238 3750 1303; baseline 0.005 -14"><span class='ocrx_word' id='word_1_464' title='bbox 2176 1251 2425 1303; x_wconf 88' lang='lat' dir='ltr'><strong>aureum,</strong></span> <span class='ocrx_word' id='word_1_465' title='bbox 2456 1238 2592 1294; x_wconf 91' lang='lat' dir='ltr'><strong>duos</strong></span> <span class='ocrx_word' id='word_1_466' title='bbox 2624 1242 2835 1296; x_wconf 89' lang='lat' dir='ltr'><strong>cubitus</strong></span> <span class='ocrx_word' id='word_1_467' title='bbox 2867 1243 3165 1300; x_wconf 89' lang='lat' dir='ltr'><strong>altitudinis</strong></span> <span class='ocrx_word' id='word_1_468' title='bbox 3202 1253 3255 1298; x_wconf 89' lang='lat' dir='ltr'><strong>et</strong></span> <span class='ocrx_word' id='word_1_469' title='bbox 3295 1261 3457 1298; x_wconf 93' lang='lat' dir='ltr'><strong>unum</strong></span> <span class='ocrx_word' id='word_1_470' title='bbox 3505 1246 3750 1300; x_wconf 84' lang='lat' dir='ltr'><strong>latitudi-</strong></span> 
     </span>
    </p>
   </div>
   <div class='ocr_carea' id='block_1_70' title="bbox 2177 1330 3749 1407">
    <p class='ocr_par' dir='ltr' id='par_1_70' title="bbox 2177 1330 3749 1407">
     <span class='ocr_line' id='line_1_70' title="bbox 2177 1330 3749 1407; baseline 0.008 -27"><span class='ocrx_word' id='word_1_471' title='bbox 2177 1330 2260 1383; x_wconf 91' lang='lat' dir='ltr'><strong>nis</strong></span> <span class='ocrx_word' id='word_1_472' title='bbox 2312 1330 2537 1397; x_wconf 86' lang='lat' dir='ltr'><strong>habcns,</strong></span> <span class='ocrx_word' id='word_1_473' title='bbox 2575 1349 2695 1387; x_wconf 89' lang='lat' dir='ltr'><strong>cum</strong></span> <span class='ocrx_word' id='word_1_474' title='bbox 2756 1351 2918 1389; x_wconf 88' lang='lat' dir='ltr'><strong>cruce</strong></span> <span class='ocrx_word' id='word_1_475' title='bbox 2972 1348 3158 1391; x_wconf 84' lang='lat' dir='ltr'><strong>Sancta</strong></span> <span class='ocrx_word' id='word_1_476' title='bbox 3223 1337 3489 1407; x_wconf 82' lang='lat' dir='ltr'><strong>patefacta</strong></span> <span class='ocrx_word' id='word_1_477' title='bbox 3526 1353 3749 1406; x_wconf 84' lang='lat' dir='ltr'><strong>compo-</strong></span> 
     </span>
    </p>
   </div>
   <div class='ocr_carea' id='block_1_71' title="bbox 2177 1419 3752 1496">
    <p class='ocr_par' dir='ltr' id='par_1_71' title="bbox 2177 1419 3752 1496">
     <span class='ocr_line' id='line_1_71' title="bbox 2177 1419 3752 1496; baseline 0.008 -25"><span class='ocrx_word' id='word_1_478' title='bbox 2177 1419 2323 1471; x_wconf 88' lang='lat' dir='ltr'><strong>nitur</strong></span> <span class='ocrx_word' id='word_1_479' title='bbox 2387 1437 2401 1473; x_wconf 91' lang='lat'>:</span> <span class='ocrx_word' id='word_1_480' title='bbox 2459 1424 2831 1491; x_wconf 69' lang='lat' dir='ltr'><strong>acceileusque</strong></span> <span class='ocrx_word' id='word_1_481' title='bbox 2894 1428 3101 1495; x_wconf 88' lang='lat' dir='ltr'><strong>primus</strong></span> <span class='ocrx_word' id='word_1_482' title='bbox 3177 1427 3499 1496; x_wconf 81' lang='lat' dir='ltr'><strong>imperator,</strong></span> <span class='ocrx_word' id='word_1_483' title='bbox 3554 1430 3752 1484; x_wconf 88' lang='lat' dir='ltr'><strong>deinde</strong></span> 
     </span>
    </p>
   </div>
   <div class='ocr_carea' id='block_1_72' title="bbox 2177 1516 3754 1587">
    <p class='ocr_par' dir='ltr' id='par_1_72' title="bbox 2177 1516 3754 1587">
     <span class='ocr_line' id='line_1_72' title="bbox 2177 1516 3754 1587; baseline 0.007 -25"><span class='ocrx_word' id='word_1_484' title='bbox 2177 1520 2408 1565; x_wconf 90' lang='lat' dir='ltr'><strong>cunctus</strong></span> <span class='ocrx_word' id='word_1_485' title='bbox 2439 1528 2534 1580; x_wconf 90' lang='lat' dir='ltr'><strong>per</strong></span> <span class='ocrx_word' id='word_1_486' title='bbox 2559 1516 2802 1570; x_wconf 86' lang='lat' dir='ltr'><strong>ordinem</strong></span> <span class='ocrx_word' id='word_1_487' title='bbox 2841 1517 3102 1571; x_wconf 75' lang='lat' dir='ltr'><strong>laicorum</strong></span> <span class='ocrx_word' id='word_1_488' title='bbox 3129 1522 3326 1587; x_wconf 78' lang='lat' dir='ltr'><strong>gradus</strong></span> <span class='ocrx_word' id='word_1_489' title='bbox 3357 1530 3597 1574; x_wconf 81' lang='lat' dir='ltr'><strong>sanctam</strong></span> <span class='ocrx_word' id='word_1_490' title='bbox 3625 1538 3754 1574; x_wconf 78' lang='lat' dir='ltr'><strong>eru-</strong></span> 
     </span>
    </p>
   </div>
   <div class='ocr_carea' id='block_1_73' title="bbox 2177 1602 3755 1679">
    <p class='ocr_par' dir='ltr' id='par_1_73' title="bbox 2177 1602 3755 1679">
     <span class='ocr_line' id='line_1_73' title="bbox 2177 1602 3755 1679; baseline 0.01 -30"><span class='ocrx_word' id='word_1_491' title='bbox 2177 1611 2293 1650; x_wconf 90' lang='lat' dir='ltr'><strong>cem</strong></span> <span class='ocrx_word' id='word_1_492' title='bbox 2338 1602 2526 1654; x_wconf 76' lang='lat' dir='ltr'><strong>atlorat</strong></span> <span class='ocrx_word' id='word_1_493' title='bbox 2575 1612 2627 1656; x_wconf 93' lang='lat' dir='ltr'><strong>et</strong></span> <span class='ocrx_word' id='word_1_494' title='bbox 2654 1605 2933 1661; x_wconf 87' lang='lat' dir='ltr'><strong>osculatur</strong></span> <span class='ocrx_word' id='word_1_495' title='bbox 2962 1626 2976 1663; x_wconf 89' lang='lat'><strong>:</strong></span> <span class='ocrx_word' id='word_1_496' title='bbox 3007 1609 3251 1677; x_wconf 78' lang='lat' dir='ltr'><strong>sequenti</strong></span> <span class='ocrx_word' id='word_1_497' title='bbox 3295 1609 3380 1661; x_wconf 91' lang='lat' dir='ltr'><strong>die</strong></span> <span class='ocrx_word' id='word_1_498' title='bbox 3413 1611 3755 1679; x_wconf 76' lang='lat' dir='ltr'><strong>imperatrix,</strong></span> 
     </span>
    </p>
   </div>
   <div class='ocr_carea' id='block_1_74' title="bbox 2177 1696 3753 1767">
    <p class='ocr_par' dir='ltr' id='par_1_74' title="bbox 2177 1696 3753 1767">
     <span class='ocr_line' id='line_1_74' title="bbox 2177 1696 3753 1767; baseline 0.008 -25"><span class='ocrx_word' id='word_1_499' title='bbox 2177 1698 2227 1742; x_wconf 89' lang='lat' dir='ltr'><strong>et</strong></span> <span class='ocrx_word' id='word_1_500' title='bbox 2264 1704 2450 1745; x_wconf 87' lang='lat' dir='ltr'><strong>onmes</strong></span> <span class='ocrx_word' id='word_1_501' title='bbox 2472 1703 2730 1750; x_wconf 71' lang='lat' dir='ltr'><strong>matrona:</strong></span> <span class='ocrx_word' id='word_1_502' title='bbox 2755 1696 2833 1750; x_wconf 86' lang='lat' dir='ltr'><strong>vel</strong></span> <span class='ocrx_word' id='word_1_503' title='bbox 2863 1698 3100 1767; x_wconf 81' lang='lat' dir='ltr'><strong>virgines</strong></span> <span class='ocrx_word' id='word_1_504' title='bbox 3132 1700 3270 1754; x_wconf 86' lang='lat' dir='ltr'><strong>idem</strong></span> <span class='ocrx_word' id='word_1_505' title='bbox 3308 1700 3510 1754; x_wconf 90' lang='lat' dir='ltr'><strong>faciunt</strong></span> <span class='ocrx_word' id='word_1_506' title='bbox 3542 1719 3556 1755; x_wconf 92' lang='lat'>:</span> <span class='ocrx_word' id='word_1_507' title='bbox 3593 1706 3753 1754; x_wconf 89' lang='lat' dir='ltr'><strong>tertia</strong></span> 
     </span>
    </p>
   </div>
   <div class='ocr_carea' id='block_1_75' title="bbox 2177 1779 3750 1861">
    <p class='ocr_par' dir='ltr' id='par_1_75' title="bbox 2177 1779 3750 1861">
     <span class='ocr_line' id='line_1_75' title="bbox 2177 1779 3750 1861; baseline 0.008 -31"><span class='ocrx_word' id='word_1_508' title='bbox 2177 1779 2527 1836; x_wconf 90' lang='lat' dir='ltr'><strong>nihilominus</strong></span> <span class='ocrx_word' id='word_1_509' title='bbox 2558 1785 2642 1837; x_wconf 89' lang='lat' dir='ltr'><strong>die</strong></span> <span class='ocrx_word' id='word_1_510' title='bbox 2682 1786 2918 1854; x_wconf 82' lang='lat' dir='ltr'><strong>episcopi</strong></span> <span class='ocrx_word' id='word_1_511' title='bbox 2963 1798 3011 1842; x_wconf 93' lang='lat' dir='ltr'><strong>et</strong></span> <span class='ocrx_word' id='word_1_512' title='bbox 3060 1789 3239 1843; x_wconf 89' lang='lat' dir='ltr'><strong>cuncti</strong></span> <span class='ocrx_word' id='word_1_513' title='bbox 3270 1790 3588 1843; x_wconf 90' lang='lat' dir='ltr'><strong>clericorum</strong></span> <span class='ocrx_word' id='word_1_514' title='bbox 3620 1806 3750 1861; x_wconf 81' lang='lat' dir='ltr'><strong>gra-</strong></span> 
     </span>
    </p>
   </div>
   <div class='ocr_carea' id='block_1_76' title="bbox 2175 1867 3756 1949">
    <p class='ocr_par' dir='ltr' id='par_1_76' title="bbox 2175 1867 3756 1949">
     <span class='ocr_line' id='line_1_76' title="bbox 2175 1867 3756 1949; baseline 0.008 -27"><span class='ocrx_word' id='word_1_515' title='bbox 2175 1868 2278 1923; x_wconf 90' lang='lat' dir='ltr'><strong>dus</strong></span> <span class='ocrx_word' id='word_1_516' title='bbox 2322 1871 2460 1924; x_wconf 87' lang='lat' dir='ltr'><strong>idem</strong></span> <span class='ocrx_word' id='word_1_517' title='bbox 2500 1867 2727 1939; x_wconf 60' lang='lat' dir='ltr'><strong>faciunt,</strong></span> <span class='ocrx_word' id='word_1_518' title='bbox 2764 1885 2817 1929; x_wconf 91' lang='lat' dir='ltr'><strong>et</strong></span> <span class='ocrx_word' id='word_1_519' title='bbox 2868 1878 2947 1931; x_wconf 92' lang='lat' dir='ltr'><strong>sic</strong></span> <span class='ocrx_word' id='word_1_520' title='bbox 2978 1893 3138 1945; x_wconf 88' lang='lat' dir='ltr'><strong>capsa</strong></span> <span class='ocrx_word' id='word_1_521' title='bbox 3190 1880 3398 1933; x_wconf 87' lang='lat' dir='ltr'><strong>reclusa</strong></span> <span class='ocrx_word' id='word_1_522' title='bbox 3449 1881 3514 1933; x_wconf 91' lang='lat' dir='ltr'><strong>ad</strong></span> <span class='ocrx_word' id='word_1_523' title='bbox 3565 1896 3756 1949; x_wconf 89' lang='lat' dir='ltr'><strong>supra-</strong></span> 
     </span>
    </p>
   </div>
   <div class='ocr_carea' id='block_1_77' title="bbox 2177 1959 3759 2037">
    <p class='ocr_par' dir='ltr' id='par_1_77' title="bbox 2177 1959 3759 2037">
     <span class='ocr_line' id='line_1_77' title="bbox 2177 1959 3759 2037; baseline 0.007 -23"><span class='ocrx_word' id='word_1_524' title='bbox 2177 1959 2377 2014; x_wconf 88' lang='lat' dir='ltr'><strong>dictmn</strong></span> <span class='ocrx_word' id='word_1_525' title='bbox 2426 1967 2720 2020; x_wconf 88' lang='lat' dir='ltr'><strong>armarium</strong></span> <span class='ocrx_word' id='word_1_526' title='bbox 2763 1979 3090 2037; x_wconf 86' lang='lat' dir='ltr'><strong>reportatur.</strong></span> <span class='ocrx_word' id='word_1_527' title='bbox 3128 1970 3392 2034; x_wconf 81' lang='lat' dir='ltr'><strong>QUamdiu</strong></span> <span class='ocrx_word' id='word_1_528' title='bbox 3427 1983 3605 2025; x_wconf 90' lang='lat' dir='ltr'><strong>autem</strong></span> <span class='ocrx_word' id='word_1_529' title='bbox 3664 1987 3759 2025; x_wconf 78' lang='lat' dir='ltr'><strong>su-</strong></span> 
     </span>
    </p>
   </div>
   <div class='ocr_carea' id='block_1_78' title="bbox 2177 2051 3756 2126">
    <p class='ocr_par' dir='ltr' id='par_1_78' title="bbox 2177 2051 3756 2126">
     <span class='ocr_line' id='line_1_78' title="bbox 2177 2051 3756 2126; baseline 0.009 -24"><span class='ocrx_word' id='word_1_530' title='bbox 2177 2065 2272 2119; x_wconf 92' lang='lat' dir='ltr'><strong>per</strong></span> <span class='ocrx_word' id='word_1_531' title='bbox 2314 2051 2483 2108; x_wconf 86' lang='lat' dir='ltr'><strong>altare</strong></span> <span class='ocrx_word' id='word_1_532' title='bbox 2538 2067 2718 2110; x_wconf 76' lang='lat' dir='ltr'><strong>inmtet</strong></span> <span class='ocrx_word' id='word_1_533' title='bbox 2769 2071 2974 2126; x_wconf 87' lang='lat' dir='ltr'><strong>aperta,</strong></span> <span class='ocrx_word' id='word_1_534' title='bbox 3034 2069 3197 2114; x_wconf 90' lang='lat' dir='ltr'><strong>totam</strong></span> <span class='ocrx_word' id='word_1_535' title='bbox 3251 2061 3533 2116; x_wconf 86' lang='lat' dir='ltr'><strong>ecclesiam</strong></span> <span class='ocrx_word' id='word_1_536' title='bbox 3585 2064 3756 2117; x_wconf 89' lang='lat' dir='ltr'><strong>mirus</strong></span> 
     </span>
    </p>
   </div>
   <div class='ocr_carea' id='block_1_79' title="bbox 2175 2145 3761 2225">
    <p class='ocr_par' dir='ltr' id='par_1_79' title="bbox 2175 2145 3761 2225">
     <span class='ocr_line' id='line_1_79' title="bbox 2175 2145 3761 2225; baseline 0.009 -29"><span class='ocrx_word' id='word_1_537' title='bbox 2175 2145 2309 2197; x_wconf 87' lang='lat' dir='ltr'><strong>odor</strong></span> <span class='ocrx_word' id='word_1_538' title='bbox 2354 2145 2645 2213; x_wconf 83' lang='lat' dir='ltr'><strong>perfundit.</strong></span> <span class='ocrx_word' id='word_1_539' title='bbox 2692 2150 2762 2203; x_wconf 87' lang='lat' dir='ltr'><strong>De</strong></span> <span class='ocrx_word' id='word_1_540' title='bbox 2805 2154 2958 2206; x_wconf 87' lang='lat' dir='ltr'><strong>nodis</strong></span> <span class='ocrx_word' id='word_1_541' title='bbox 3007 2154 3151 2207; x_wconf 89' lang='lat' dir='ltr'><strong>enim</strong></span> <span class='ocrx_word' id='word_1_542' title='bbox 3194 2153 3322 2224; x_wconf 85' lang='lat' dir='ltr'><strong>ligni</strong></span> <span class='ocrx_word' id='word_1_543' title='bbox 3373 2156 3545 2209; x_wconf 88' lang='lat' dir='ltr'><strong>sancti</strong></span> <span class='ocrx_word' id='word_1_544' title='bbox 3581 2156 3761 2225; x_wconf 85' lang='lat' dir='ltr'><strong>liquor</strong></span> 
     </span>
    </p>
   </div>
   <div class='ocr_carea' id='block_1_80' title="bbox 2176 2234 3752 2318">
    <p class='ocr_par' dir='ltr' id='par_1_80' title="bbox 2176 2234 3752 2318">
     <span class='ocr_line' id='line_1_80' title="bbox 2176 2234 3752 2318; baseline 0.01 -31"><span class='ocrx_word' id='word_1_545' title='bbox 2176 2234 2415 2290; x_wconf 86' lang='lat' dir='ltr'><strong>odorifer</strong></span> <span class='ocrx_word' id='word_1_546' title='bbox 2445 2239 2569 2293; x_wconf 91' lang='lat' dir='ltr'><strong>oleo</strong></span> <span class='ocrx_word' id='word_1_547' title='bbox 2604 2243 2796 2297; x_wconf 83' lang='lat' dir='ltr'><strong>similis</strong></span> <span class='ocrx_word' id='word_1_548' title='bbox 2832 2245 3066 2312; x_wconf 90' lang='lat' dir='ltr'><strong>proﬂuit,</strong></span> <span class='ocrx_word' id='word_1_549' title='bbox 3096 2246 3251 2316; x_wconf 90' lang='lat' dir='ltr'><strong>cujus</strong></span> <span class='ocrx_word' id='word_1_550' title='bbox 3278 2248 3438 2302; x_wconf 86' lang='lat' dir='ltr'><strong>etiam</strong></span> <span class='ocrx_word' id='word_1_551' title='bbox 3478 2250 3521 2303; x_wconf 90' lang='lat' dir='ltr'><strong>si</strong></span> <span class='ocrx_word' id='word_1_552' title='bbox 3555 2250 3752 2318; x_wconf 86' lang='lat' dir='ltr'><strong>aliquis</strong></span> 
     </span>
    </p>
   </div>
   <div class='ocr_carea' id='block_1_81' title="bbox 2177 2327 3756 2410">
    <p class='ocr_par' dir='ltr' id='par_1_81' title="bbox 2177 2327 3756 2410">
     <span class='ocr_line' id='line_1_81' title="bbox 2177 2327 3756 2410; baseline 0.009 -30"><span class='ocrx_word' id='word_1_553' title='bbox 2177 2327 2426 2383; x_wconf 80' lang='lat' dir='ltr'><strong>infirmus</strong></span> <span class='ocrx_word' id='word_1_554' title='bbox 2483 2335 2750 2389; x_wconf 85' lang='lat' dir='ltr'><strong>modicam</strong></span> <span class='ocrx_word' id='word_1_555' title='bbox 2812 2340 3132 2405; x_wconf 86' lang='lat' dir='ltr'><strong>particulam</strong></span> <span class='ocrx_word' id='word_1_556' title='bbox 3182 2342 3481 2410; x_wconf 76' lang='lat' dir='ltr'><strong>contingit,</strong></span> <span class='ocrx_word' id='word_1_557' title='bbox 3537 2357 3756 2395; x_wconf 87' lang='lat' dir='ltr'><strong>onmem</strong></span> 
     </span>
    </p>
   </div>
   <div class='ocr_carea' id='block_1_82' title="bbox 2175 2426 2756 2495">
    <p class='ocr_par' dir='ltr' id='par_1_82' title="bbox 2175 2426 2756 2495">
     <span class='ocr_line' id='line_1_82' title="bbox 2175 2426 2756 2495; baseline 0.01 -16"><span class='ocrx_word' id='word_1_558' title='bbox 2175 2426 2546 2495; x_wconf 65' lang='lat' dir='ltr'><strong>aegritudinem</strong></span> <span class='ocrx_word' id='word_1_559' title='bbox 2580 2442 2756 2485; x_wconf 85' lang='lat' dir='ltr'><strong>sanat.</strong></span> 
     </span>
    </p>
   </div>
   <div class='ocr_carea' id='block_1_83' title="bbox 2178 2593 3563 2667">
    <p class='ocr_par' dir='ltr' id='par_1_83' title="bbox 2178 2593 3563 2667">
     <span class='ocr_line' id='line_1_83' title="bbox 2178 2593 3563 2667; baseline 0.005 -21"><span class='ocrx_word' id='word_1_560' title='bbox 2178 2593 2445 2663; x_wconf 87' lang='lat' dir='ltr'><strong>Descripsi</strong></span> <span class='ocrx_word' id='word_1_561' title='bbox 2477 2596 2714 2651; x_wconf 84' lang='lat' dir='ltr'><strong>breviter</strong></span> <span class='ocrx_word' id='word_1_562' title='bbox 2746 2599 2988 2667; x_wconf 79' lang='lat' dir='ltr'><strong>ﬁnesque</strong></span> <span class='ocrx_word' id='word_1_563' title='bbox 3018 2601 3263 2666; x_wconf 85' lang='lat' dir='ltr'><strong>situsque</strong></span> <span class='ocrx_word' id='word_1_564' title='bbox 3299 2600 3563 2665; x_wconf 87' lang='lat' dir='ltr'><strong>locorum,</strong></span> 
     </span>
    </p>
   </div>
   <div class='ocr_carea' id='block_1_84' title="bbox 2248 2683 3571 2757">
    <p class='ocr_par' dir='ltr' id='par_1_84' title="bbox 2248 2683 3571 2757">
     <span class='ocr_line' id='line_1_84' title="bbox 2248 2683 3571 2757; baseline 0.008 -20"><span class='ocrx_word' id='word_1_565' title='bbox 2248 2683 2447 2753; x_wconf 79' lang='lat' dir='ltr'><strong>Pagina</strong></span> <span class='ocrx_word' id='word_1_566' title='bbox 2479 2702 2632 2740; x_wconf 85' lang='lat' dir='ltr'><strong>saera</strong></span> <span class='ocrx_word' id='word_1_567' title='bbox 2670 2688 2843 2756; x_wconf 79' lang='lat' dir='ltr'><strong>magis</strong></span> <span class='ocrx_word' id='word_1_568' title='bbox 2873 2704 2991 2757; x_wconf 66' lang='lat' dir='ltr'><strong>quae</strong></span> <span class='ocrx_word' id='word_1_569' title='bbox 3026 2694 3371 2744; x_wconf 88' lang='lat' dir='ltr'><strong>memoranda</strong></span> <span class='ocrx_word' id='word_1_570' title='bbox 3407 2693 3571 2747; x_wconf 87' lang='lat' dir='ltr'><strong>refert</strong></span> 
     </span>
    </p>
   </div>
   <div class='ocr_carea' id='block_1_85' title="bbox 2179 2775 3760 2853">
    <p class='ocr_par' dir='ltr' id='par_1_85' title="bbox 2179 2775 3760 2853">
     <span class='ocr_line' id='line_1_85' title="bbox 2179 2775 3760 2853; baseline 0.008 -26"><span class='ocrx_word' id='word_1_571' title='bbox 2179 2775 2342 2841; x_wconf 80' lang='lat' dir='ltr'><strong>Beda,</strong></span> <span class='ocrx_word' id='word_1_572' title='bbox 2384 2792 2616 2846; x_wconf 86' lang='lat' dir='ltr'><strong>sequens</strong></span> <span class='ocrx_word' id='word_1_573' title='bbox 2667 2789 2909 2833; x_wconf 89' lang='lat' dir='ltr'><strong>veterum</strong></span> <span class='ocrx_word' id='word_1_574' title='bbox 2950 2793 3300 2836; x_wconf 86' lang='lat' dir='ltr'><strong>monumenta</strong></span> <span class='ocrx_word' id='word_1_575' title='bbox 3350 2783 3618 2853; x_wconf 86' lang='lat' dir='ltr'><strong>simulque</strong></span> <span class='ocrx_word' id='word_1_576' title='bbox 3661 2802 3760 2839; x_wconf 80' lang='lat' dir='ltr'><strong>no-</strong></span> 
     </span>
    </p>
   </div>
   <div class='ocr_carea' id='block_1_86' title="bbox 3471 2876 3683 2948">
    <p class='ocr_par' dir='ltr' id='par_1_86' title="bbox 3471 2876 3683 2948">
     <span class='ocr_line' id='line_1_86' title="bbox 3471 2876 3683 2948; baseline 0.019 -22"><span class='ocrx_word' id='word_1_577' title='bbox 3471 2876 3683 2948; x_wconf 81' lang='lat' dir='ltr'><strong>[vortttn</strong></span> 
     </span>
    </p>
   </div>
   <div class='ocr_carea' id='block_1_87' title="bbox 2248 2962 3539 3037">
    <p class='ocr_par' dir='ltr' id='par_1_87' title="bbox 2248 2962 3539 3037">
     <span class='ocr_line' id='line_1_87' title="bbox 2248 2962 3539 3037; baseline 0.005 -21"><span class='ocrx_word' id='word_1_578' title='bbox 2248 2962 2444 3016; x_wconf 88' lang='lat' dir='ltr'><strong>Charta</strong></span> <span class='ocrx_word' id='word_1_579' title='bbox 2480 2964 2859 3032; x_wconf 81' lang='lat' dir='ltr'><strong>magistrorum</strong></span> <span class='ocrx_word' id='word_1_580' title='bbox 2894 2980 3013 3032; x_wconf 82' lang='lat' dir='ltr'><strong>quae</strong></span> <span class='ocrx_word' id='word_1_581' title='bbox 3047 2977 3198 3020; x_wconf 81' lang='lat' dir='ltr'><strong>sonet</strong></span> <span class='ocrx_word' id='word_1_582' title='bbox 3231 2969 3539 3037; x_wconf 81' lang='lat' dir='ltr'><strong>inspiciens.</strong></span> 
     </span>
    </p>
   </div>
   <div class='ocr_carea' id='block_1_88' title="bbox 2176 3052 3563 3126">
    <p class='ocr_par' dir='ltr' id='par_1_88' title="bbox 2176 3052 3563 3126">
     <span class='ocr_line' id='line_1_88' title="bbox 2176 3052 3563 3126; baseline 0.007 -21"><span class='ocrx_word' id='word_1_583' title='bbox 2176 3052 2275 3116; x_wconf 89' lang='lat' dir='ltr'><strong>Da,</strong></span> <span class='ocrx_word' id='word_1_584' title='bbox 2301 3053 2449 3118; x_wconf 84' lang='lat' dir='ltr'><strong>Jesu,</strong></span> <span class='ocrx_word' id='word_1_585' title='bbox 2479 3058 2706 3123; x_wconf 87' lang='lat' dir='ltr'><strong>patriam</strong></span> <span class='ocrx_word' id='word_1_586' title='bbox 2744 3073 2962 3126; x_wconf 86' lang='lat' dir='ltr'><strong>semper</strong></span> <span class='ocrx_word' id='word_1_587' title='bbox 2998 3061 3280 3114; x_wconf 86' lang='lat' dir='ltr'><strong>tendamus</strong></span> <span class='ocrx_word' id='word_1_588' title='bbox 3317 3063 3383 3115; x_wconf 88' lang='lat' dir='ltr'><strong>ad</strong></span> <span class='ocrx_word' id='word_1_589' title='bbox 3423 3065 3563 3115; x_wconf 85' lang='lat' dir='ltr'><strong>illam</strong></span> 
     </span>
    </p>
   </div>
   <div class='ocr_carea' id='block_1_89' title="bbox 2249 3143 3418 3209">
    <p class='ocr_par' dir='ltr' id='par_1_89' title="bbox 2249 3143 3418 3209">
     <span class='ocr_line' id='line_1_89' title="bbox 2249 3143 3418 3209; baseline 0.008 -12"><span class='ocrx_word' id='word_1_590' title='bbox 2249 3143 2420 3209; x_wconf 83' lang='lat' dir='ltr'><strong>Quam</strong></span> <span class='ocrx_word' id='word_1_591' title='bbox 2452 3148 2575 3201; x_wconf 87' lang='lat' dir='ltr'><strong>beat</strong></span> <span class='ocrx_word' id='word_1_592' title='bbox 2601 3159 2861 3200; x_wconf 69' lang='lat' dir='ltr'><strong>aeternum</strong></span> <span class='ocrx_word' id='word_1_593' title='bbox 2898 3150 3034 3204; x_wconf 86' lang='lat' dir='ltr'><strong>visio</strong></span> <span class='ocrx_word' id='word_1_594' title='bbox 3064 3167 3274 3205; x_wconf 78' lang='lat' dir='ltr'><strong>sntnma</strong></span> <span class='ocrx_word' id='word_1_595' title='bbox 3323 3154 3418 3207; x_wconf 89' lang='lat' dir='ltr'><strong>ttti.</strong></span> 
     </span>
    </p>
   </div>
   <div class='ocr_carea' id='block_1_90' title="bbox 2594 3282 3328 3344">
    <p class='ocr_par' dir='ltr' id='par_1_90' title="bbox 2594 3282 3328 3344">
     <span class='ocr_line' id='line_1_90' title="bbox 2594 3282 3328 3344; baseline 0.012 -9"><span class='ocrx_word' id='word_1_596' title='bbox 2594 3282 2726 3337; x_wconf 77' lang='lat' dir='ltr'><strong>CAP.</strong></span> <span class='ocrx_word' id='word_1_597' title='bbox 2772 3282 2890 3337; x_wconf 73' lang='lat' dir='ltr'><strong>XX.</strong></span> <span class='ocrx_word' id='word_1_598' title='bbox 2920 3314 2991 3325; x_wconf 91' lang='lat'><strong>--</strong></span> <span class='ocrx_word' id='word_1_599' title='bbox 3024 3284 3328 3344; x_wconf 79' lang='lat' dir='ltr'><strong>Conclusio.</strong></span> 
     </span>
    </p>
   </div>
   <div class='ocr_carea' id='block_1_91' title="bbox 2248 3416 3761 3495">
    <p class='ocr_par' dir='ltr' id='par_1_91' title="bbox 2248 3416 3761 3495">
     <span class='ocr_line' id='line_1_91' title="bbox 2248 3416 3761 3495; baseline 0.014 -26"><span class='ocrx_word' id='word_1_600' title='bbox 2248 3416 2370 3471; x_wconf 58' lang='lat' dir='ltr'><strong>lliec</strong></span> <span class='ocrx_word' id='word_1_601' title='bbox 2415 3420 2481 3473; x_wconf 92' lang='lat' dir='ltr'><strong>de</strong></span> <span class='ocrx_word' id='word_1_602' title='bbox 2529 3419 2657 3475; x_wconf 90' lang='lat' dir='ltr'><strong>locis</strong></span> <span class='ocrx_word' id='word_1_603' title='bbox 2701 3422 2904 3476; x_wconf 89' lang='lat' dir='ltr'><strong>sanctis</strong></span> <span class='ocrx_word' id='word_1_604' title='bbox 2948 3435 3105 3492; x_wconf 90' lang='lat' dir='ltr'><strong>prout</strong></span> <span class='ocrx_word' id='word_1_605' title='bbox 3134 3427 3282 3495; x_wconf 89' lang='lat' dir='ltr'><strong>potui</strong></span> <span class='ocrx_word' id='word_1_606' title='bbox 3316 3429 3473 3484; x_wconf 78' lang='lat' dir='ltr'><strong>fidem</strong></span> <span class='ocrx_word' id='word_1_607' title='bbox 3512 3431 3761 3490; x_wconf 52' lang='lat' dir='ltr'><strong>historias</strong></span> 
     </span>
    </p>
   </div>
   <div class='ocr_carea' id='block_1_92' title="bbox 2176 3511 3763 3587">
    <p class='ocr_par' dir='ltr' id='par_1_92' title="bbox 2176 3511 3763 3587">
     <span class='ocr_line' id='line_1_92' title="bbox 2176 3511 3763 3587; baseline 0.013 -27"><span class='ocrx_word' id='word_1_608' title='bbox 2176 3518 2393 3562; x_wconf 86' lang='lat' dir='ltr'><strong>secutus</strong></span> <span class='ocrx_word' id='word_1_609' title='bbox 2463 3511 2714 3578; x_wconf 85' lang='lat' dir='ltr'><strong>exposui,</strong></span> <span class='ocrx_word' id='word_1_610' title='bbox 2765 3522 2820 3565; x_wconf 87' lang='lat' dir='ltr'><strong>et</strong></span> <span class='ocrx_word' id='word_1_611' title='bbox 2888 3515 3123 3567; x_wconf 84' lang='lat' dir='ltr'><strong>maxime</strong></span> <span class='ocrx_word' id='word_1_612' title='bbox 3186 3516 3441 3587; x_wconf 77' lang='lat' dir='ltr'><strong>Arculphi</strong></span> <span class='ocrx_word' id='word_1_613' title='bbox 3518 3524 3763 3580; x_wconf 79' lang='lat' dir='ltr'><strong>dictatus</strong></span> 
     </span>
    </p>
   </div>
   <div class='ocr_carea' id='block_1_93' title="bbox 2177 3597 3763 3683">
    <p class='ocr_par' dir='ltr' id='par_1_93' title="bbox 2177 3597 3763 3683">
     <span class='ocr_line' id='line_1_93' title="bbox 2177 3597 3763 3683; baseline 0.013 -31"><span class='ocrx_word' id='word_1_614' title='bbox 2177 3597 2470 3654; x_wconf 86' lang='lat' dir='ltr'><strong>Galliarum</strong></span> <span class='ocrx_word' id='word_1_615' title='bbox 2501 3602 2915 3671; x_wconf 70' lang='lat' dir='ltr'><strong>episcopquuos</strong></span> <span class='ocrx_word' id='word_1_616' title='bbox 2940 3608 3342 3663; x_wconf 79' lang='lat' dir='ltr'><strong>eruditissimus</strong></span> <span class='ocrx_word' id='word_1_617' title='bbox 3381 3613 3430 3665; x_wconf 91' lang='lat' dir='ltr'><strong>in</strong></span> <span class='ocrx_word' id='word_1_618' title='bbox 3455 3612 3763 3683; x_wconf 80' lang='lat' dir='ltr'><strong>Scripturis</strong></span> 
     </span>
    </p>
   </div>
   <div class='ocr_carea' id='block_1_94' title="bbox 2178 3693 3749 3773">
    <p class='ocr_par' dir='ltr' id='par_1_94' title="bbox 2178 3693 3749 3773">
     <span class='ocr_line' id='line_1_94' title="bbox 2178 3693 3749 3773; baseline 0.013 -32"><span class='ocrx_word' id='word_1_619' title='bbox 2178 3693 2457 3762; x_wconf 85' lang='lat' dir='ltr'><strong>presbyter</strong></span> <span class='ocrx_word' id='word_1_620' title='bbox 2484 3694 2835 3749; x_wconf 76' lang='lat' dir='ltr'><strong>Adamnanus</strong></span> <span class='ocrx_word' id='word_1_621' title='bbox 2857 3696 3112 3752; x_wconf 85' lang='lat' dir='ltr'><strong>lacinioso</strong></span> <span class='ocrx_word' id='word_1_622' title='bbox 3141 3715 3389 3757; x_wconf 85' lang='lat' dir='ltr'><strong>sermone</strong></span> <span class='ocrx_word' id='word_1_623' title='bbox 3414 3704 3749 3773; x_wconf 83' lang='lat' dir='ltr'><strong>describens,</strong></span> 
     </span>
    </p>
   </div>
   <div class='ocr_carea' id='block_1_95' title="bbox 2180 3784 3764 3862">
    <p class='ocr_par' dir='ltr' id='par_1_95' title="bbox 2180 3784 3764 3862">
     <span class='ocr_line' id='line_1_95' title="bbox 2180 3784 3764 3862; baseline 0.012 -26"><span class='ocrx_word' id='word_1_624' title='bbox 2180 3784 2352 3838; x_wconf 88' lang='lat' dir='ltr'><strong>tribus</strong></span> <span class='ocrx_word' id='word_1_625' title='bbox 2383 3784 2577 3840; x_wconf 86' lang='lat' dir='ltr'><strong>libellis</strong></span> <span class='ocrx_word' id='word_1_626' title='bbox 2623 3790 3053 3858; x_wconf 88' lang='lat' dir='ltr'><strong>comprehendit.</strong></span> <span class='ocrx_word' id='word_1_627' title='bbox 3086 3791 3364 3862; x_wconf 87' lang='lat' dir='ltr'><strong>Siquidem</strong></span> <span class='ocrx_word' id='word_1_628' title='bbox 3419 3809 3764 3855; x_wconf 79' lang='lat' dir='ltr'><strong>metnoratus</strong></span> 
     </span>
    </p>
   </div>
   <div class='ocr_carea' id='block_1_96' title="bbox 2177 3876 3764 3959">
    <p class='ocr_par' dir='ltr' id='par_1_96' title="bbox 2177 3876 3764 3959">
     <span class='ocr_line' id='line_1_96' title="bbox 2177 3876 3764 3959; baseline 0.011 -30"><span class='ocrx_word' id='word_1_629' title='bbox 2177 3876 2427 3943; x_wconf 83' lang='lat' dir='ltr'><strong>antistes,</strong></span> <span class='ocrx_word' id='word_1_630' title='bbox 2481 3881 2746 3935; x_wconf 87' lang='lat' dir='ltr'><strong>desiderio</strong></span> <span class='ocrx_word' id='word_1_631' title='bbox 2815 3882 3056 3937; x_wconf 88' lang='lat' dir='ltr'><strong>locorum</strong></span> <span class='ocrx_word' id='word_1_632' title='bbox 3138 3898 3447 3942; x_wconf 87' lang='lat' dir='ltr'><strong>sanctorum</strong></span> <span class='ocrx_word' id='word_1_633' title='bbox 3521 3894 3764 3959; x_wconf 47' lang='lat' dir='ltr'><strong>patriam.</strong></span> 
     </span>
    </p>
   </div>
   <div class='ocr_carea' id='block_1_97' title="bbox 2178 3968 3759 4055">
    <p class='ocr_par' dir='ltr' id='par_1_97' title="bbox 2178 3968 3759 4055">
     <span class='ocr_line' id='line_1_97' title="bbox 2178 3968 3759 4055; baseline 0.015 -38"><span class='ocrx_word' id='word_1_634' title='bbox 2178 3968 2453 4033; x_wconf 75' lang='lat' dir='ltr'><strong>deserens,</strong></span> <span class='ocrx_word' id='word_1_635' title='bbox 2528 3980 2723 4025; x_wconf 84' lang='lat' dir='ltr'><strong>terram</strong></span> <span class='ocrx_word' id='word_1_636' title='bbox 2810 3979 3245 4043; x_wconf 82' lang='lat' dir='ltr'><strong>repromissionis</strong></span> <span class='ocrx_word' id='word_1_637' title='bbox 3331 3983 3487 4048; x_wconf 87' lang='lat' dir='ltr'><strong>adiit,</strong></span> <span class='ocrx_word' id='word_1_638' title='bbox 3551 3986 3759 4055; x_wconf 88' lang='lat' dir='ltr'><strong>aliquot</strong></span> 
     </span>
    </p>
   </div>
   <div class='ocr_carea' id='block_1_98' title="bbox 2181 4062 3764 4149">
    <p class='ocr_par' dir='ltr' id='par_1_98' title="bbox 2181 4062 3764 4149">
     <span class='ocr_line' id='line_1_98' title="bbox 2181 4062 3764 4149; baseline 0.011 -34"><span class='ocrx_word' id='word_1_639' title='bbox 2181 4064 2456 4118; x_wconf 85' lang='lat' dir='ltr'><strong>tneusibos</strong></span> <span class='ocrx_word' id='word_1_640' title='bbox 2534 4065 2923 4136; x_wconf 83' lang='lat' dir='ltr'><strong>Hierosolymis</strong></span> <span class='ocrx_word' id='word_1_641' title='bbox 2964 4062 3330 4138; x_wconf 54' lang='lat' dir='ltr'><strong>&#39;demoratus,</strong></span> <span class='ocrx_word' id='word_1_642' title='bbox 3391 4086 3764 4149; x_wconf 73' lang='lat' dir='ltr'><strong>veterauoqne</strong></span> 
     </span>
    </p>
   </div>
   <div class='ocr_carea' id='block_1_99' title="bbox 2181 4158 3751 4238">
    <p class='ocr_par' dir='ltr' id='par_1_99' title="bbox 2181 4158 3751 4238">
     <span class='ocr_line' id='line_1_99' title="bbox 2181 4158 3751 4238; baseline 0.012 -31"><span class='ocrx_word' id='word_1_643' title='bbox 2181 4159 2445 4209; x_wconf 80' lang='lat' dir='ltr'><strong>tuouacho</strong></span> <span class='ocrx_word' id='word_1_644' title='bbox 2494 4160 2709 4212; x_wconf 89' lang='lat' dir='ltr'><strong>nomine</strong></span> <span class='ocrx_word' id='word_1_645' title='bbox 2767 4158 2926 4214; x_wconf 85' lang='lat' dir='ltr'><strong>Petro</strong></span> <span class='ocrx_word' id='word_1_646' title='bbox 2977 4164 3111 4216; x_wconf 89' lang='lat' dir='ltr'><strong>duce</strong></span> <span class='ocrx_word' id='word_1_647' title='bbox 3166 4166 3366 4232; x_wconf 84' lang='lat' dir='ltr'><strong>pariter</strong></span> <span class='ocrx_word' id='word_1_648' title='bbox 3400 4172 3751 4238; x_wconf 77' lang='lat' dir='ltr'><strong>atqueinter-</strong></span> 
     </span>
    </p>
   </div>
   <div class='ocr_carea' id='block_1_100' title="bbox 2180 4252 3764 4330">
    <p class='ocr_par' dir='ltr' id='par_1_100' title="bbox 2180 4252 3764 4330">
     <span class='ocr_line' id='line_1_100' title="bbox 2180 4252 3764 4330; baseline 0.009 -31"><span class='ocrx_word' id='word_1_649' title='bbox 2180 4258 2326 4316; x_wconf 87' lang='lat' dir='ltr'><strong>prete</strong></span> <span class='ocrx_word' id='word_1_650' title='bbox 2367 4266 2511 4313; x_wconf 88' lang='lat' dir='ltr'><strong>usus,</strong></span> <span class='ocrx_word' id='word_1_651' title='bbox 2545 4260 2736 4304; x_wconf 72' lang='lat' dir='ltr'><strong>cuncta</strong></span> <span class='ocrx_word' id='word_1_652' title='bbox 2787 4252 2840 4305; x_wconf 90' lang='lat' dir='ltr'><strong>in</strong></span> <span class='ocrx_word' id='word_1_653' title='bbox 2886 4253 3111 4306; x_wconf 90' lang='lat' dir='ltr'><strong>circuitu</strong></span> <span class='ocrx_word' id='word_1_654' title='bbox 3155 4272 3273 4323; x_wconf 70' lang='lat' dir='ltr'><strong>quae</strong></span> <span class='ocrx_word' id='word_1_655' title='bbox 3327 4260 3764 4330; x_wconf 76' lang='lat' dir='ltr'><strong>desideraverat,</strong></span> 
     </span>
    </p>
   </div>
   <div class='ocr_carea' id='block_1_101' title="bbox 2181 4341 3749 4419">
    <p class='ocr_par' dir='ltr' id='par_1_101' title="bbox 2181 4341 3749 4419">
     <span class='ocr_line' id='line_1_101' title="bbox 2181 4341 3749 4419; baseline 0.011 -28"><span class='ocrx_word' id='word_1_656' title='bbox 2181 4341 2356 4392; x_wconf 80' lang='lat' dir='ltr'><strong>vivida</strong></span> <span class='ocrx_word' id='word_1_657' title='bbox 2409 4341 2708 4396; x_wconf 86' lang='lat' dir='ltr'><strong>intentione</strong></span> <span class='ocrx_word' id='word_1_658' title='bbox 2756 4343 3041 4399; x_wconf 84' lang='lat' dir='ltr'><strong>lustravit:</strong></span> <span class='ocrx_word' id='word_1_659' title='bbox 3077 4363 3288 4401; x_wconf 88' lang='lat' dir='ltr'><strong>necnon</strong></span> <span class='ocrx_word' id='word_1_660' title='bbox 3341 4350 3749 4419; x_wconf 81' lang='lat' dir='ltr'><strong>Alexandriam,</strong></span> 
     </span>
    </p>
   </div>
   <div class='ocr_carea' id='block_1_102' title="bbox 2179 4431 3761 4513">
    <p class='ocr_par' dir='ltr' id='par_1_102' title="bbox 2179 4431 3761 4513">
     <span class='ocr_line' id='line_1_102' title="bbox 2179 4431 3761 4513; baseline 0.012 -30"><span class='ocrx_word' id='word_1_661' title='bbox 2179 4431 2532 4497; x_wconf 78' lang='lat' dir='ltr'><strong>Dauuiseum,</strong></span> <span class='ocrx_word' id='word_1_662' title='bbox 2555 4434 3078 4506; x_wconf 74' lang='lat' dir='ltr'><strong>Consmntiuopolim</strong></span> <span class='ocrx_word' id='word_1_663' title='bbox 3131 4438 3482 4511; x_wconf 86' lang='lat' dir='ltr'><strong>Siciliamque</strong></span> <span class='ocrx_word' id='word_1_664' title='bbox 3527 4460 3761 4513; x_wconf 78' lang='lat' dir='ltr'><strong>percut—</strong></span> 
     </span>
    </p>
   </div>
   <div class='ocr_carea' id='block_1_103' title="bbox 2178 4523 3757 4607">
    <p class='ocr_par' dir='ltr' id='par_1_103' title="bbox 2178 4523 3757 4607">
     <span class='ocr_line' id='line_1_103' title="bbox 2178 4523 3757 4607; baseline 0.011 -33"><span class='ocrx_word' id='word_1_665' title='bbox 2178 4523 2269 4575; x_wconf 86' lang='lat' dir='ltr'><strong>rit.</strong></span> <span class='ocrx_word' id='word_1_666' title='bbox 2308 4523 2413 4577; x_wconf 83' lang='lat' dir='ltr'><strong>Sed</strong></span> <span class='ocrx_word' id='word_1_667' title='bbox 2476 4538 2596 4576; x_wconf 84' lang='lat' dir='ltr'><strong>cum</strong></span> <span class='ocrx_word' id='word_1_668' title='bbox 2651 4527 2876 4593; x_wconf 85' lang='lat' dir='ltr'><strong>patriam</strong></span> <span class='ocrx_word' id='word_1_669' title='bbox 2925 4530 3160 4581; x_wconf 83' lang='lat' dir='ltr'><strong>revisere</strong></span> <span class='ocrx_word' id='word_1_670' title='bbox 3210 4532 3395 4598; x_wconf 76' lang='lat' dir='ltr'><strong>vellet,</strong></span> <span class='ocrx_word' id='word_1_671' title='bbox 3448 4536 3600 4589; x_wconf 81' lang='lat' dir='ltr'><strong>tta-vis</strong></span> <span class='ocrx_word' id='word_1_672' title='bbox 3645 4554 3757 4607; x_wconf 65' lang='lat' dir='ltr'><strong>qua</strong></span> 
     </span>
    </p>
   </div>
   <div class='ocr_carea' id='block_1_104' title="bbox 2179 4615 3760 4684">
    <p class='ocr_par' dir='ltr' id='par_1_104' title="bbox 2179 4615 3760 4684">
     <span class='ocr_line' id='line_1_104' title="bbox 2179 4615 3760 4684; baseline 0.01 -18"><span class='ocrx_word' id='word_1_673' title='bbox 2179 4615 2474 4669; x_wconf 85' lang='lat' dir='ltr'><strong>vehebatur</strong></span> <span class='ocrx_word' id='word_1_674' title='bbox 2523 4627 2645 4684; x_wconf 86' lang='lat' dir='ltr'><strong>post</strong></span> <span class='ocrx_word' id='word_1_675' title='bbox 2701 4618 2900 4671; x_wconf 88' lang='lat' dir='ltr'><strong>multos</strong></span> <span class='ocrx_word' id='word_1_676' title='bbox 2948 4620 3227 4676; x_wconf 86' lang='lat' dir='ltr'><strong>anfractus</strong></span> <span class='ocrx_word' id='word_1_677' title='bbox 3266 4637 3433 4678; x_wconf 83' lang='lat' dir='ltr'><strong>vento</strong></span> <span class='ocrx_word' id='word_1_678' title='bbox 3475 4631 3760 4683; x_wconf 55' lang='lat' dir='ltr'><strong>contrario.</strong></span> 
     </span>
    </p>
   </div>
   <div class='ocr_carea' id='block_1_105' title="bbox 2176 4704 3757 4786">
    <p class='ocr_par' dir='ltr' id='par_1_105' title="bbox 2176 4704 3757 4786">
     <span class='ocr_line' id='line_1_105' title="bbox 2176 4704 3757 4786; baseline 0.011 -29"><span class='ocrx_word' id='word_1_679' title='bbox 2176 4704 2229 4757; x_wconf 89' lang='lat' dir='ltr'><strong>in</strong></span> <span class='ocrx_word' id='word_1_680' title='bbox 2290 4717 2552 4768; x_wconf 89' lang='lat' dir='ltr'><strong>nostram,</strong></span> <span class='ocrx_word' id='word_1_681' title='bbox 2596 4708 2646 4758; x_wconf 82' lang='lat' dir='ltr'><strong>id</strong></span> <span class='ocrx_word' id='word_1_682' title='bbox 2683 4718 2766 4761; x_wconf 84' lang='lat' dir='ltr'><strong>est.</strong></span> <span class='ocrx_word' id='word_1_683' title='bbox 2799 4707 3206 4774; x_wconf 82' lang='lat' dir='ltr'><strong>Britannorum,</strong></span> <span class='ocrx_word' id='word_1_684' title='bbox 3267 4714 3497 4768; x_wconf 87' lang='lat' dir='ltr'><strong>insulam</strong></span> <span class='ocrx_word' id='word_1_685' title='bbox 3545 4721 3757 4786; x_wconf 88' lang='lat' dir='ltr'><strong>perlata-</strong></span> 
     </span>
    </p>
   </div>
   <div class='ocr_carea' id='block_1_106' title="bbox 2176 4799 3755 4877">
    <p class='ocr_par' dir='ltr' id='par_1_106' title="bbox 2176 4799 3755 4877">
     <span class='ocr_line' id='line_1_106' title="bbox 2176 4799 3755 4877; baseline 0.011 -27"><span class='ocrx_word' id='word_1_686' title='bbox 2176 4808 2259 4850; x_wconf 89' lang='lat' dir='ltr'><strong>est</strong></span> <span class='ocrx_word' id='word_1_687' title='bbox 2296 4814 2310 4850; x_wconf 92' lang='lat'><strong>:</strong></span> <span class='ocrx_word' id='word_1_688' title='bbox 2348 4799 2671 4867; x_wconf 83' lang='lat' dir='ltr'><strong>tandemque</strong></span> <span class='ocrx_word' id='word_1_689' title='bbox 2719 4802 2833 4869; x_wconf 83' lang='lat' dir='ltr'><strong>ipse</strong></span> <span class='ocrx_word' id='word_1_690' title='bbox 2887 4813 3007 4872; x_wconf 88' lang='lat' dir='ltr'><strong>post</strong></span> <span class='ocrx_word' id='word_1_691' title='bbox 3055 4806 3312 4860; x_wconf 83' lang='lat' dir='ltr'><strong>nonnulla</strong></span> <span class='ocrx_word' id='word_1_692' title='bbox 3373 4810 3613 4877; x_wconf 87' lang='lat' dir='ltr'><strong>pericula</strong></span> <span class='ocrx_word' id='word_1_693' title='bbox 3679 4815 3755 4867; x_wconf 55' lang='lat' dir='ltr'><strong>ad:</strong></span> 
     </span>
    </p>
   </div>
   <div class='ocr_carea' id='block_1_107' title="bbox 2177 4890 3757 4959">
    <p class='ocr_par' dir='ltr' id='par_1_107' title="bbox 2177 4890 3757 4959">
     <span class='ocr_line' id='line_1_107' title="bbox 2177 4890 3757 4959; baseline 0.011 -18"><span class='ocrx_word' id='word_1_694' title='bbox 2177 4890 2456 4958; x_wconf 76' lang='lat' dir='ltr'><strong>pnelatum</strong></span> <span class='ocrx_word' id='word_1_695' title='bbox 2530 4892 2701 4944; x_wconf 83' lang='lat' dir='ltr'><strong>virum</strong></span> <span class='ocrx_word' id='word_1_696' title='bbox 2773 4895 3128 4949; x_wconf 73' lang='lat' dir='ltr'><strong>venerabilem</strong></span> <span class='ocrx_word' id='word_1_697' title='bbox 3204 4900 3580 4957; x_wconf 79' lang='lat' dir='ltr'><strong>Adamnanum</strong></span> <span class='ocrx_word' id='word_1_698' title='bbox 3656 4921 3757 4959; x_wconf 78' lang='lat' dir='ltr'><strong>ve-</strong></span> 
     </span>
    </p>
   </div>
   <div class='ocr_carea' id='block_1_108' title="bbox 2176 4981 3755 5064">
    <p class='ocr_par' dir='ltr' id='par_1_108' title="bbox 2176 4981 3755 5064">
     <span class='ocr_line' id='line_1_108' title="bbox 2176 4981 3755 5064; baseline 0.011 -32"><span class='ocrx_word' id='word_1_699' title='bbox 2176 4981 2348 5042; x_wconf 84' lang='lat' dir='ltr'><strong>niens,</strong></span> <span class='ocrx_word' id='word_1_700' title='bbox 2386 4983 2487 5034; x_wconf 89' lang='lat' dir='ltr'><strong>iter</strong></span> <span class='ocrx_word' id='word_1_701' title='bbox 2515 4982 2721 5050; x_wconf 87' lang='lat' dir='ltr'><strong>pariter</strong></span> <span class='ocrx_word' id='word_1_702' title='bbox 2760 4999 2921 5037; x_wconf 85' lang='lat' dir='ltr'><strong>suum</strong></span> <span class='ocrx_word' id='word_1_703' title='bbox 2971 4997 3023 5039; x_wconf 90' lang='lat' dir='ltr'><strong>et</strong></span> <span class='ocrx_word' id='word_1_704' title='bbox 3072 5002 3145 5041; x_wconf 74' lang='lat' dir='ltr'><strong>ea-</strong></span> <span class='ocrx_word' id='word_1_705' title='bbox 3175 5004 3293 5057; x_wconf 65' lang='lat' dir='ltr'><strong>qua:</strong></span> <span class='ocrx_word' id='word_1_706' title='bbox 3342 4993 3548 5047; x_wconf 83' lang='lat' dir='ltr'><strong>viderat</strong></span> <span class='ocrx_word' id='word_1_707' title='bbox 3576 4997 3755 5064; x_wconf 82' lang='lat' dir='ltr'><strong>expli-</strong></span> 
     </span>
    </p>
   </div>
   <div class='ocr_carea' id='block_1_109' title="bbox 2174 5073 3756 5143">
    <p class='ocr_par' dir='ltr' id='par_1_109' title="bbox 2174 5073 3756 5143">
     <span class='ocr_line' id='line_1_109' title="bbox 2174 5073 3756 5143; baseline 0.009 -17"><span class='ocrx_word' id='word_1_708' title='bbox 2174 5073 2367 5137; x_wconf 88' lang='lat' dir='ltr'><strong>cando,</strong></span> <span class='ocrx_word' id='word_1_709' title='bbox 2429 5074 2805 5142; x_wconf 76' lang='lat' dir='ltr'><strong>pulcherrima:</strong></span> <span class='ocrx_word' id='word_1_710' title='bbox 2863 5077 3011 5131; x_wconf 89' lang='lat' dir='ltr'><strong>illum</strong></span> <span class='ocrx_word' id='word_1_711' title='bbox 3082 5080 3331 5135; x_wconf 48' lang='lat' dir='ltr'><strong>historiae.</strong></span> <span class='ocrx_word' id='word_1_712' title='bbox 3376 5086 3557 5141; x_wconf 84' lang='lat' dir='ltr'><strong>docuit</strong></span> <span class='ocrx_word' id='word_1_713' title='bbox 3621 5102 3756 5143; x_wconf 84' lang='lat' dir='ltr'><strong>esse-</strong></span> 
     </span>
    </p>
   </div>
   <div class='ocr_carea' id='block_1_110' title="bbox 2174 5166 3744 5245">
    <p class='ocr_par' dir='ltr' id='par_1_110' title="bbox 2174 5166 3744 5245">
     <span class='ocr_line' id='line_1_110' title="bbox 2174 5166 3744 5245; baseline 0.009 -25"><span class='ocrx_word' id='word_1_714' title='bbox 2174 5166 2515 5235; x_wconf 79' lang='lat' dir='ltr'><strong>scriptorem.</strong></span> <span class='ocrx_word' id='word_1_715' title='bbox 2549 5167 2626 5221; x_wconf 84' lang='lat' dir='ltr'><strong>Ex</strong></span> <span class='ocrx_word' id='word_1_716' title='bbox 2683 5184 2786 5238; x_wconf 88' lang='lat' dir='ltr'><strong>qua</strong></span> <span class='ocrx_word' id='word_1_717' title='bbox 2850 5186 2949 5225; x_wconf 88' lang='lat' dir='ltr'><strong>nos</strong></span> <span class='ocrx_word' id='word_1_718' title='bbox 3004 5172 3181 5242; x_wconf 85' lang='lat' dir='ltr'><strong>aliqua</strong></span> <span class='ocrx_word' id='word_1_719' title='bbox 3236 5175 3590 5245; x_wconf 87' lang='lat' dir='ltr'><strong>decerpentes</strong></span> <span class='ocrx_word' id='word_1_720' title='bbox 3647 5195 3744 5234; x_wconf 86' lang='lat' dir='ltr'><strong>ve-</strong></span> 
     </span>
    </p>
   </div>
   <div class='ocr_carea' id='block_1_111' title="bbox 2178 5260 3748 5336">
    <p class='ocr_par' dir='ltr' id='par_1_111' title="bbox 2178 5260 3748 5336">
     <span class='ocr_line' id='line_1_111' title="bbox 2178 5260 3748 5336; baseline 0.007 -24"><span class='ocrx_word' id='word_1_721' title='bbox 2178 5268 2459 5330; x_wconf 87' lang='lat' dir='ltr'><strong>terumque</strong></span> <span class='ocrx_word' id='word_1_722' title='bbox 2513 5260 2663 5315; x_wconf 87' lang='lat' dir='ltr'><strong>libris</strong></span> <span class='ocrx_word' id='word_1_723' title='bbox 2709 5274 3111 5332; x_wconf 71' lang='lat' dir='ltr'><strong>comparantes,</strong></span> <span class='ocrx_word' id='word_1_724' title='bbox 3157 5266 3250 5320; x_wconf 89' lang='lat' dir='ltr'><strong>tibi</strong></span> <span class='ocrx_word' id='word_1_725' title='bbox 3290 5266 3513 5336; x_wconf 82' lang='lat' dir='ltr'><strong>legenda</strong></span> <span class='ocrx_word' id='word_1_726' title='bbox 3561 5281 3748 5324; x_wconf 81' lang='lat' dir='ltr'><strong>trans-</strong></span> 
     </span>
    </p>
   </div>
   <div class='ocr_carea' id='block_1_112' title="bbox 2174 5351 3758 5429">
    <p class='ocr_par' dir='ltr' id='par_1_112' title="bbox 2174 5351 3758 5429">
     <span class='ocr_line' id='line_1_112' title="bbox 2174 5351 3758 5429; baseline 0.008 -26"><span class='ocrx_word' id='word_1_727' title='bbox 2174 5351 2469 5417; x_wconf 74' lang='lat' dir='ltr'><strong>mittimusr</strong></span> <span class='ocrx_word' id='word_1_728' title='bbox 2522 5354 2870 5409; x_wconf 85' lang='lat' dir='ltr'><strong>obsecrantes</strong></span> <span class='ocrx_word' id='word_1_729' title='bbox 2930 5370 3024 5424; x_wconf 87' lang='lat' dir='ltr'><strong>per</strong></span> <span class='ocrx_word' id='word_1_730' title='bbox 3080 5356 3285 5425; x_wconf 85' lang='lat' dir='ltr'><strong>Omnia,</strong></span> <span class='ocrx_word' id='word_1_731' title='bbox 3337 5368 3396 5412; x_wconf 94' lang='lat' dir='ltr'><strong>ut</strong></span> <span class='ocrx_word' id='word_1_732' title='bbox 3464 5363 3758 5429; x_wconf 63' lang='lat' dir='ltr'><strong>praesentis-</strong></span> 
     </span>
    </p>
   </div>
   <div class='ocr_carea' id='block_1_113' title="bbox 2173 5443 3753 5521">
    <p class='ocr_par' dir='ltr' id='par_1_113' title="bbox 2173 5443 3753 5521">
     <span class='ocr_line' id='line_1_113' title="bbox 2173 5443 3753 5521; baseline 0.008 -25"><span class='ocrx_word' id='word_1_733' title='bbox 2173 5443 2356 5497; x_wconf 66' lang='lat' dir='ltr'><strong>swculi</strong></span> <span class='ocrx_word' id='word_1_734' title='bbox 2414 5445 2675 5510; x_wconf 88' lang='lat' dir='ltr'><strong>laborem,</strong></span> <span class='ocrx_word' id='word_1_735' title='bbox 2734 5462 2838 5500; x_wconf 93' lang='lat' dir='ltr'><strong>non</strong></span> <span class='ocrx_word' id='word_1_736' title='bbox 2904 5449 3015 5501; x_wconf 88' lang='lat' dir='ltr'><strong>otio</strong></span> <span class='ocrx_word' id='word_1_737' title='bbox 3075 5448 3261 5518; x_wconf 71' lang='lat' dir='ltr'><strong>lascivi</strong></span> <span class='ocrx_word' id='word_1_738' title='bbox 3317 5452 3583 5521; x_wconf 86' lang='lat' dir='ltr'><strong>corporis,</strong></span> <span class='ocrx_word' id='word_1_739' title='bbox 3647 5456 3753 5509; x_wconf 76' lang='lat' dir='ltr'><strong>sed.</strong></span> 
     </span>
    </p>
   </div>
   <div class='ocr_carea' id='block_1_114' title="bbox 2171 5531 3751 5616">
    <p class='ocr_par' dir='ltr' id='par_1_114' title="bbox 2171 5531 3751 5616">
     <span class='ocr_line' id='line_1_114' title="bbox 2171 5531 3751 5616; baseline 0.009 -28"><span class='ocrx_word' id='word_1_740' title='bbox 2171 5534 2419 5593; x_wconf 86' lang='lat' dir='ltr'><strong>lectionis</strong></span> <span class='ocrx_word' id='word_1_741' title='bbox 2469 5539 2839 5610; x_wconf 87' lang='lat' dir='ltr'><strong>orationisque</strong></span> <span class='ocrx_word' id='word_1_742' title='bbox 2895 5542 3075 5598; x_wconf 83' lang='lat' dir='ltr'><strong>studio</strong></span> <span class='ocrx_word' id='word_1_743' title='bbox 3134 5543 3227 5599; x_wconf 88' lang='lat' dir='ltr'><strong>tibi</strong></span> <span class='ocrx_word' id='word_1_744' title='bbox 3288 5531 3592 5616; x_wconf 66' lang='lat' dir='ltr'><strong>temperare</strong></span> <span class='ocrx_word' id='word_1_745' title='bbox 3648 5562 3751 5602; x_wconf 55' lang='lat' dir='ltr'><strong>sa»</strong></span> 
     </span>
    </p>
   </div>
   <div class='ocr_carea' id='block_1_115' title="bbox 2172 5637 2343 5698">
    <p class='ocr_par' dir='ltr' id='par_1_115' title="bbox 2172 5637 2343 5698">
     <span class='ocr_line' id='line_1_115' title="bbox 2172 5637 2343 5698; baseline 0 -15"><span class='ocrx_word' id='word_1_746' title='bbox 2172 5637 2343 5698; x_wconf 54' lang='lat' dir='ltr'><strong>laxas.</strong></span> 
     </span>
    </p>
   </div>
   <div class='ocr_carea' id='block_1_116' title="bbox 2897 5729 2966 5741">
    <p class='ocr_par' dir='ltr' id='par_1_116' title="bbox 2897 5729 2966 5741">
     <span class='ocr_line' id='line_1_116' title="bbox 2897 5729 2966 5741; baseline 0 -3"><span class='ocrx_word' id='word_1_747' title='bbox 2897 5729 2966 5741; x_wconf 73' lang='grc'><strong>..-</strong></span> 
     </span>
    </p>
   </div>
  </div>
